Type,Days for shipping (real),Days for shipment (scheduled),Benefit per order,Sales per customer,Delivery Status,Late_delivery_risk,Category Id,Category Name,Customer City,Customer Country,Customer Email,Customer Fname,Customer Id,Customer Lname,Customer Password,Customer Segment,Customer State,Customer Street,Customer Zipcode,Department Id,Department Name,Latitude,Longitude,Market,Order City,Order Country,Order Customer Id,order date (DateOrders),Order Id,Order Item Cardprod Id,Order Item Discount,Order Item Discount Rate,Order Item Id,Order Item Product Price,Order Item Profit Ratio,Order Item Quantity,Sales,Order Item Total,Order Profit Per Order,Order Region,Order State,Order Status,Order Zipcode,Product Card Id,Product Category Id,Product Description,Product Image,Product Name,Product Price,Product Status,shipping date (DateOrders),Shipping Mode
DEBIT,3,4,91.25,314.6400146,Advance shipping,0,73,Sporting Goods,Caguas,Puerto Rico,XXXXXXXXX,Cally,20755,Holloway,XXXXXXXXX,Consumer,PR,5365 Noble Nectar Island,725,2,Fitness,18.2514534,-66.03705597,Pacific Asia,Bekasi,Indonesia,20755,1/31/2018 22:56,77202,1360,13.10999966,0.039999999,180517,327.75,0.289999992,1,327.75,314.6400146,91.25,Southeast Asia,Java Occidental,COMPLETE,,1360,73,,http://images.acmesports.sports/Smart+watch ,Smart watch ,327.75,0,2/3/2018 22:56,Standard Class
TRANSFER,5,4,-249.0899963,311.3599854,Late delivery,1,73,Sporting Goods,Caguas,Puerto Rico,XXXXXXXXX,Irene,19492,Luna,XXXXXXXXX,Consumer,PR,2679 Rustic Loop,725,2,Fitness,18.27945137,-66.0370636,Pacific Asia,Bikaner,India,19492,1/13/2018 12:27,75939,1360,16.38999939,0.050000001,179254,327.75,-0.800000012,1,327.75,311.3599854,-249.0899963,South Asia,Rajastán,PENDING,,1360,73,,http://images.acmesports.sports/Smart+watch ,Smart watch ,327.75,0,1/18/2018 12:27,Standard Class
CASH,4,4,-247.7799988,309.7200012,Shipping on time,0,73,Sporting Goods,San Jose,EE. UU.,XXXXXXXXX,Gillian,19491,Maldonado,XXXXXXXXX,Consumer,CA,8510 Round Bear Gate,95125,2,Fitness,37.29223251,-121.881279,Pacific Asia,Bikaner,India,19491,1/13/2018 12:06,75938,1360,18.03000069,0.059999999,179253,327.75,-0.800000012,1,327.75,309.7200012,-247.7799988,South Asia,Rajastán,CLOSED,,1360,73,,http://images.acmesports.sports/Smart+watch ,Smart watch ,327.75,0,1/17/2018 12:06,Standard Class
DEBIT,3,4,22.86000061,304.8099976,Advance shipping,0,73,Sporting Goods,Los Angeles,EE. UU.,XXXXXXXXX,Tana,19490,Tate,XXXXXXXXX,Home Office,CA,3200 Amber Bend,90027,2,Fitness,34.12594605,-118.2910156,Pacific Asia,Townsville,Australia,19490,1/13/2018 11:45,75937,1360,22.94000053,0.07,179252,327.75,0.079999998,1,327.75,304.8099976,22.86000061,Oceania,Queensland,COMPLETE,,1360,73,,http://images.acmesports.sports/Smart+watch ,Smart watch ,327.75,0,1/16/2018 11:45,Standard Class
PAYMENT,2,4,134.2100067,298.25,Advance shipping,0,73,Sporting Goods,Caguas,Puerto Rico,XXXXXXXXX,Orli,19489,Hendricks,XXXXXXXXX,Corporate,PR,8671 Iron Anchor Corners,725,2,Fitness,18.25376892,-66.03704834,Pacific Asia,Townsville,Australia,19489,1/13/2018 11:24,75936,1360,29.5,0.090000004,179251,327.75,0.449999988,1,327.75,298.25,134.2100067,Oceania,Queensland,PENDING_PAYMENT,,1360,73,,http://images.acmesports.sports/Smart+watch ,Smart watch ,327.75,0,1/15/2018 11:24,Standard Class
TRANSFER,6,4,18.57999992,294.980011,Shipping canceled,0,73,Sporting Goods,Tonawanda,EE. UU.,XXXXXXXXX,Kimberly,19488,Flowers,XXXXXXXXX,Consumer,NY,2122 Hazy Corner,14150,2,Fitness,43.01396942,-78.87906647,Pacific Asia,Toowoomba,Australia,19488,1/13/2018 11:03,75935,1360,32.77999878,0.100000001,179250,327.75,0.059999999,1,327.75,294.980011,18.57999992,Oceania,Queensland,CANCELED,,1360,73,,http://images.acmesports.sports/Smart+watch ,Smart watch ,327.75,0,1/19/2018 11:03,Standard Class
DEBIT,2,1,95.18000031,288.4200134,Late delivery,1,73,Sporting Goods,Caguas,Puerto Rico,XXXXXXXXX,Constance,19487,Terrell,XXXXXXXXX,Home Office,PR,1879 Green Pine Bank,725,2,Fitness,18.24253845,-66.03705597,Pacific Asia,Guangzhou,China,19487,1/13/2018 10:42,75934,1360,39.33000183,0.119999997,179249,327.75,0.330000013,1,327.75,288.4200134,95.18000031,Eastern Asia,Guangdong,COMPLETE,,1360,73,,http://images.acmesports.sports/Smart+watch ,Smart watch ,327.75,0,1/15/2018 10:42,First Class
TRANSFER,2,1,68.43000031,285.1400146,Late delivery,1,73,Sporting Goods,Miami,EE. UU.,XXXXXXXXX,Erica,19486,Stevens,XXXXXXXXX,Corporate,FL,7595 Cotton Log Row,33162,2,Fitness,25.92886925,-80.16287231,Pacific Asia,Guangzhou,China,19486,1/13/2018 10:21,75933,1360,42.61000061,0.129999995,179248,327.75,0.239999995,1,327.75,285.1400146,68.43000031,Eastern Asia,Guangdong,PROCESSING,,1360,73,,http://images.acmesports.sports/Smart+watch ,Smart watch ,327.75,0,1/15/2018 10:21,First Class
CASH,3,2,133.7200012,278.5899963,Late delivery,1,73,Sporting Goods,Caguas,Puerto Rico,XXXXXXXXX,Nichole,19485,Olsen,XXXXXXXXX,Corporate,PR,2051 Dusty Route,725,2,Fitness,18.23322296,-66.03705597,Pacific Asia,Guangzhou,China,19485,1/13/2018 10:00,75932,1360,49.15999985,0.150000006,179247,327.75,0.479999989,1,327.75,278.5899963,133.7200012,Eastern Asia,Guangdong,CLOSED,,1360,73,,http://images.acmesports.sports/Smart+watch ,Smart watch ,327.75,0,1/16/2018 10:00,Second Class
CASH,2,1,132.1499939,275.3099976,Late delivery,1,73,Sporting Goods,San Ramon,EE. UU.,XXXXXXXXX,Oprah,19484,Delacruz,XXXXXXXXX,Corporate,CA,9139 Blue Blossom Court,94583,2,Fitness,37.77399063,-121.966629,Pacific Asia,Guangzhou,China,19484,1/13/2018 9:39,75931,1360,52.43999863,0.159999996,179246,327.75,0.479999989,1,327.75,275.3099976,132.1499939,Eastern Asia,Guangdong,CLOSED,,1360,73,,http://images.acmesports.sports/Smart+watch ,Smart watch ,327.75,0,1/15/2018 9:39,First Class
TRANSFER,6,2,130.5800018,272.0299988,Shipping canceled,0,73,Sporting Goods,Caguas,Puerto Rico,XXXXXXXXX,Germane,19483,Short,XXXXXXXXX,Corporate,PR,4058 Quiet Heights,725,2,Fitness,18.28284454,-66.03705597,Pacific Asia,Tokio,Japón,19483,1/13/2018 9:18,75930,1360,55.72000122,0.170000002,179245,327.75,0.479999989,1,327.75,272.0299988,130.5800018,Eastern Asia,Tokio,SUSPECTED_FRAUD,,1360,73,,http://images.acmesports.sports/Smart+watch ,Smart watch ,327.75,0,1/19/2018 9:18,Second Class
TRANSFER,5,2,45.68999863,268.7600098,Late delivery,1,73,Sporting Goods,Freeport,EE. UU.,XXXXXXXXX,Freya,19482,Robbins,XXXXXXXXX,Consumer,NY,3243 Shady Corner,11520,2,Fitness,40.65486527,-73.58707428,Pacific Asia,Manado,Indonesia,19482,1/13/2018 8:57,75929,1360,59,0.180000007,179244,327.75,0.170000002,1,327.75,268.7600098,45.68999863,Southeast Asia,Célebes Septentrional,PENDING,,1360,73,,http://images.acmesports.sports/Smart+watch ,Smart watch ,327.75,0,1/18/2018 8:57,Second Class
TRANSFER,4,2,21.76000023,262.2000122,Late delivery,1,73,Sporting Goods,Salinas,EE. UU.,XXXXXXXXX,Cassandra,19481,Jensen,XXXXXXXXX,Corporate,CA,131 Sunny Treasure Green,93905,2,Fitness,36.6763382,-121.656517,Pacific Asia,Manado,Indonesia,19481,1/13/2018 8:36,75928,1360,65.55000305,0.200000003,179243,327.75,0.079999998,1,327.75,262.2000122,21.76000023,Southeast Asia,Célebes Septentrional,PENDING,,1360,73,,http://images.acmesports.sports/Smart+watch ,Smart watch ,327.75,0,1/17/2018 8:36,Second Class
DEBIT,2,1,24.57999992,245.8099976,Late delivery,1,73,Sporting Goods,Caguas,Puerto Rico,XXXXXXXXX,Natalie,19480,Mcfadden,XXXXXXXXX,Corporate,PR,2531 Wishing Square,725,2,Fitness,18.27843857,-66.03705597,Pacific Asia,Sangli,India,19480,1/13/2018 8:15,75927,1360,81.94000244,0.25,179242,327.75,0.100000001,1,327.75,245.8099976,24.57999992,South Asia,Maharashtra,COMPLETE,,1360,73,,http://images.acmesports.sports/Smart+watch ,Smart watch ,327.75,0,1/15/2018 8:15,First Class
TRANSFER,2,1,16.38999939,327.75,Late delivery,1,73,Sporting Goods,Peabody,EE. UU.,XXXXXXXXX,Kimberley,19479,Sharpe,XXXXXXXXX,Corporate,MA,6417 Silver Towers,1960,2,Fitness,42.52627564,-70.92703247,Pacific Asia,Sangli,India,19479,1/13/2018 7:54,75926,1360,0,0,179241,327.75,0.050000001,1,327.75,327.75,16.38999939,South Asia,Maharashtra,PROCESSING,,1360,73,,http://images.acmesports.sports/Smart+watch ,Smart watch ,327.75,0,1/15/2018 7:54,First Class
DEBIT,2,1,-259.5799866,324.4700012,Late delivery,1,73,Sporting Goods,Caguas,Puerto Rico,XXXXXXXXX,Sade,19478,Lancaster,XXXXXXXXX,Corporate,PR,257 Harvest Close,725,2,Fitness,18.28404999,-66.03705597,Pacific Asia,Sangli,India,19478,1/13/2018 7:33,75925,1360,3.279999971,0.01,179240,327.75,-0.800000012,1,327.75,324.4700012,-259.5799866,South Asia,Maharashtra,COMPLETE,,1360,73,,http://images.acmesports.sports/Smart+watch ,Smart watch ,327.75,0,1/15/2018 7:33,First Class
PAYMENT,5,2,-246.3600006,321.2000122,Late delivery,1,73,Sporting Goods,Canovanas,Puerto Rico,XXXXXXXXX,Brynne,19477,Giles,XXXXXXXXX,Corporate,PR,7342 Hazy Beacon Park,729,2,Fitness,18.3957901,-65.87288666,Pacific Asia,Seúl,Corea del Sur,19477,1/13/2018 7:12,75924,1360,6.559999943,0.02,179239,327.75,-0.769999981,1,327.75,321.2000122,-246.3600006,Eastern Asia,Seúl,PENDING_PAYMENT,,1360,73,,http://images.acmesports.sports/Smart+watch ,Smart watch ,327.75,0,1/18/2018 7:12,Second Class
CASH,2,1,23.84000015,317.9200134,Late delivery,1,73,Sporting Goods,Paramount,EE. UU.,XXXXXXXXX,Ciara,19476,Bird,XXXXXXXXX,Corporate,CA,7787 Lazy Corners,90723,2,Fitness,33.89869309,-118.1745605,Pacific Asia,Jabalpur,India,19476,1/13/2018 6:51,75923,1360,9.829999924,0.029999999,179238,327.75,0.079999998,1,327.75,317.9200134,23.84000015,South Asia,Madhya Pradesh,CLOSED,,1360,73,,http://images.acmesports.sports/Smart+watch ,Smart watch ,327.75,0,1/15/2018 6:51,First Class
DEBIT,2,1,102.2600021,314.6400146,Late delivery,1,73,Sporting Goods,Caguas,Puerto Rico,XXXXXXXXX,Bo,19475,Griffin,XXXXXXXXX,Consumer,PR,5136 Rustic Pioneer Estates,725,2,Fitness,18.233778,-66.0370636,Pacific Asia,Jabalpur,India,19475,1/13/2018 6:30,75922,1360,13.10999966,0.039999999,179237,327.75,0.330000013,1,327.75,314.6400146,102.2600021,South Asia,Madhya Pradesh,COMPLETE,,1360,73,,http://images.acmesports.sports/Smart+watch ,Smart watch ,327.75,0,1/15/2018 6:30,First Class
PAYMENT,0,0,87.18000031,311.3599854,Shipping on time,0,73,Sporting Goods,Mount Prospect,EE. UU.,XXXXXXXXX,Kim,19474,Simon,XXXXXXXXX,Consumer,IL,1723 Tawny Via,60056,2,Fitness,42.04830551,-87.96134186,Pacific Asia,Jabalpur,India,19474,1/13/2018 6:09,75921,1360,16.38999939,0.050000001,179236,327.75,0.280000001,1,327.75,311.3599854,87.18000031,South Asia,Madhya Pradesh,PENDING_PAYMENT,,1360,73,,http://images.acmesports.sports/Smart+watch ,Smart watch ,327.75,0,1/13/2018 18:09,Same Day
TRANSFER,0,0,154.8600006,309.7200012,Shipping on time,0,73,Sporting Goods,Long Beach,EE. UU.,XXXXXXXXX,Kellie,19473,Farmer,XXXXXXXXX,Corporate,CA,7111 Silent Fox Gardens,90813,2,Fitness,33.78245163,-118.1922455,Pacific Asia,Jabalpur,India,19473,1/13/2018 5:48,75920,1360,18.03000069,0.059999999,179235,327.75,0.5,1,327.75,309.7200012,154.8600006,South Asia,Madhya Pradesh,PROCESSING,,1360,73,,http://images.acmesports.sports/Smart+watch ,Smart watch ,327.75,0,1/13/2018 17:48,Same Day
TRANSFER,5,4,82.30000305,304.8099976,Late delivery,1,73,Sporting Goods,Caguas,Puerto Rico,XXXXXXXXX,Alma,19472,Conley,XXXXXXXXX,Corporate,PR,3732 Old Mountain Bank,725,2,Fitness,18.28337669,-66.03705597,Pacific Asia,Jabalpur,India,19472,1/13/2018 5:27,75919,1360,22.94000053,0.07,179234,327.75,0.270000011,1,327.75,304.8099976,82.30000305,South Asia,Madhya Pradesh,PENDING,,1360,73,,http://images.acmesports.sports/Smart+watch ,Smart watch ,327.75,0,1/18/2018 5:27,Standard Class
TRANSFER,4,2,22.37000084,298.25,Late delivery,1,73,Sporting Goods,Rancho Cordova,EE. UU.,XXXXXXXXX,Yeo,19471,Bird,XXXXXXXXX,Corporate,CA,6217 Rustic Lake Forest,95670,2,Fitness,38.61177445,-121.2828674,Pacific Asia,Geelong,Australia,19471,1/13/2018 5:06,75918,1360,29.5,0.090000004,179233,327.75,0.079999998,1,327.75,298.25,22.37000084,Oceania,Victoria,PENDING,,1360,73,,http://images.acmesports.sports/Smart+watch ,Smart watch ,327.75,0,1/17/2018 5:06,Second Class
TRANSFER,3,2,17.70000076,294.980011,Shipping canceled,0,73,Sporting Goods,Caguas,Puerto Rico,XXXXXXXXX,Lucy,19470,Mcknight,XXXXXXXXX,Corporate,PR,1082 Quiet Treasure Link,725,2,Fitness,18.20733643,-66.03705597,Pacific Asia,Geelong,Australia,19470,1/13/2018 4:45,75917,1360,32.77999878,0.100000001,179232,327.75,0.059999999,1,327.75,294.980011,17.70000076,Oceania,Victoria,CANCELED,,1360,73,,http://images.acmesports.sports/Smart+watch ,Smart watch ,327.75,0,1/16/2018 4:45,Second Class
TRANSFER,2,2,90.27999878,288.4200134,Shipping canceled,0,73,Sporting Goods,Billings,EE. UU.,XXXXXXXXX,Simone,19469,Vance,XXXXXXXXX,Corporate,MT,3176 Round Gate,59102,2,Fitness,45.78831101,-108.5594101,Pacific Asia,Brisbane,Australia,19469,1/13/2018 4:24,75916,1360,39.33000183,0.119999997,179231,327.75,0.310000002,1,327.75,288.4200134,90.27999878,Oceania,Queensland,SUSPECTED_FRAUD,,1360,73,,http://images.acmesports.sports/Smart+watch ,Smart watch ,327.75,0,1/15/2018 4:24,Second Class
DEBIT,6,2,131.1699982,285.1400146,Late delivery,1,73,Sporting Goods,Caguas,Puerto Rico,XXXXXXXXX,Roary,19468,Wheeler,XXXXXXXXX,Corporate,PR,1426 Fallen Line,725,2,Fitness,18.26163292,-66.03705597,Pacific Asia,Mandurah,Australia,19468,1/13/2018 4:03,75915,1360,42.61000061,0.129999995,179230,327.75,0.460000008,1,327.75,285.1400146,131.1699982,Oceania,Australia Occidental,COMPLETE,,1360,73,,http://images.acmesports.sports/Smart+watch ,Smart watch ,327.75,0,1/19/2018 4:03,Second Class
TRANSFER,5,2,90.54000092,278.5899963,Late delivery,1,73,Sporting Goods,Wilkes Barre,EE. UU.,XXXXXXXXX,Quail,19467,Ashley,XXXXXXXXX,Consumer,PA,9814 Emerald Prairie Limits,18702,2,Fitness,41.23545456,-75.86985779,Pacific Asia,Mandurah,Australia,19467,1/13/2018 3:42,75914,1360,49.15999985,0.150000006,179229,327.75,0.330000013,1,327.75,278.5899963,90.54000092,Oceania,Australia Occidental,PENDING,,1360,73,,http://images.acmesports.sports/Smart+watch ,Smart watch ,327.75,0,1/18/2018 3:42,Second Class
PAYMENT,4,4,82.58999634,275.3099976,Shipping on time,0,73,Sporting Goods,Caguas,Puerto Rico,XXXXXXXXX,Hannah,19466,Velez,XXXXXXXXX,Corporate,PR,8271 Tawny Elk Abbey,725,2,Fitness,18.27022362,-66.0370636,Pacific Asia,Guilin,China,19466,1/13/2018 3:21,75913,1360,52.43999863,0.159999996,179228,327.75,0.300000012,1,327.75,275.3099976,82.58999634,Eastern Asia,Guangxi,PENDING_PAYMENT,,1360,73,,http://images.acmesports.sports/Smart+watch ,Smart watch ,327.75,0,1/17/2018 3:21,Standard Class
DEBIT,3,4,-17.13999939,272.0299988,Advance shipping,0,73,Sporting Goods,Roseville,EE. UU.,XXXXXXXXX,Evelyn,19465,Kelly,XXXXXXXXX,Corporate,MI,3931 Gentle Ramp,48066,2,Fitness,41.86886215,-84.57365418,Pacific Asia,Guilin,China,19465,1/13/2018 3:00,75912,1360,55.72000122,0.170000002,179227,327.75,-0.059999999,1,327.75,272.0299988,-17.13999939,Eastern Asia,Guangxi,COMPLETE,,1360,73,,http://images.acmesports.sports/Smart+watch ,Smart watch ,327.75,0,1/16/2018 3:00,Standard Class
TRANSFER,2,4,23.64999962,268.7600098,Advance shipping,0,73,Sporting Goods,Bellflower,EE. UU.,XXXXXXXXX,Jael,19464,Mcfarland,XXXXXXXXX,Consumer,CA,9699 Honey Rise,90706,2,Fitness,33.90942383,-118.1253586,Pacific Asia,Guilin,China,19464,1/13/2018 2:39,75911,1360,59,0.180000007,179226,327.75,0.090000004,1,327.75,268.7600098,23.64999962,Eastern Asia,Guangxi,PROCESSING,,1360,73,,http://images.acmesports.sports/Smart+watch ,Smart watch ,327.75,0,1/15/2018 2:39,Standard Class
DEBIT,6,4,73.41999817,262.2000122,Late delivery,1,73,Sporting Goods,Caguas,Puerto Rico,XXXXXXXXX,Teagan,19463,Romero,XXXXXXXXX,Consumer,PR,1564 Rocky Terrace,725,2,Fitness,18.27526093,-66.0370636,Pacific Asia,Guilin,China,19463,1/13/2018 2:18,75910,1360,65.55000305,0.200000003,179225,327.75,0.280000001,1,327.75,262.2000122,73.41999817,Eastern Asia,Guangxi,ON_HOLD,,1360,73,,http://images.acmesports.sports/Smart+watch ,Smart watch ,327.75,0,1/19/2018 2:18,Standard Class
DEBIT,5,4,113.0699997,245.8099976,Late delivery,1,73,Sporting Goods,Wheaton,EE. UU.,XXXXXXXXX,Joan,19462,Wilder,XXXXXXXXX,Consumer,IL,4294 High Passage,60187,2,Fitness,41.86544037,-88.10990143,Pacific Asia,Delhi,India,19462,1/13/2018 1:57,75909,1360,81.94000244,0.25,179224,327.75,0.460000008,1,327.75,245.8099976,113.0699997,South Asia,Delhi,COMPLETE,,1360,73,,http://images.acmesports.sports/Smart+watch ,Smart watch ,327.75,0,1/18/2018 1:57,Standard Class
PAYMENT,4,4,24.57999992,327.75,Shipping on time,0,73,Sporting Goods,Caguas,Puerto Rico,XXXXXXXXX,Basia,19461,Watts,XXXXXXXXX,Consumer,PR,5918 Golden Beacon Freeway,725,2,Fitness,18.28713608,-66.03705597,Pacific Asia,Delhi,India,19461,1/13/2018 1:36,75908,1360,0,0,179223,327.75,0.079999998,1,327.75,327.75,24.57999992,South Asia,Delhi,PENDING_PAYMENT,,1360,73,,http://images.acmesports.sports/Smart+watch ,Smart watch ,327.75,0,1/17/2018 1:36,Standard Class
DEBIT,2,1,-97.33999634,324.4700012,Late delivery,1,73,Sporting Goods,Detroit,EE. UU.,XXXXXXXXX,Dominique,19460,Rogers,XXXXXXXXX,Consumer,MI,3915 Broad Lookout,48238,2,Fitness,42.39110184,-83.13121796,Pacific Asia,Suzhou,China,19460,1/13/2018 1:15,75907,1360,3.279999971,0.01,179222,327.75,-0.300000012,1,327.75,324.4700012,-97.33999634,Eastern Asia,Gansu,COMPLETE,,1360,73,,http://images.acmesports.sports/Smart+watch ,Smart watch ,327.75,0,1/15/2018 1:15,First Class
PAYMENT,2,1,-425.5799866,321.2000122,Late delivery,1,73,Sporting Goods,Dallas,EE. UU.,XXXXXXXXX,Ainsley,19459,Mathis,XXXXXXXXX,Consumer,TX,7190 Silver Horse Glade,75220,2,Fitness,32.86539459,-96.86858368,Pacific Asia,Suzhou,China,19459,1/13/2018 0:54,75906,1360,6.559999943,0.02,179221,327.75,-1.330000043,1,327.75,321.2000122,-425.5799866,Eastern Asia,Gansu,PENDING_PAYMENT,,1360,73,,http://images.acmesports.sports/Smart+watch ,Smart watch ,327.75,0,1/15/2018 0:54,First Class
PAYMENT,2,1,152.6000061,317.9200134,Late delivery,1,73,Sporting Goods,Caguas,Puerto Rico,XXXXXXXXX,Aurora,19458,Sharp,XXXXXXXXX,Corporate,PR,830 Broad Beacon Maze,725,2,Fitness,18.24074173,-66.03705597,Pacific Asia,Singapur,Singapur,19458,1/13/2018 0:33,75905,1360,9.829999924,0.029999999,179220,327.75,0.479999989,1,327.75,317.9200134,152.6000061,Southeast Asia,Singapur,PENDING_PAYMENT,,1360,73,,http://images.acmesports.sports/Smart+watch ,Smart watch ,327.75,0,1/15/2018 0:33,First Class
CASH,2,1,151.0299988,314.6400146,Late delivery,1,73,Sporting Goods,Carlisle,EE. UU.,XXXXXXXXX,Libby,19457,Bray,XXXXXXXXX,Corporate,PA,6127 Dewy Goose Downs,17013,2,Fitness,40.03171921,-76.87709808,Pacific Asia,Hubli,India,19457,1/13/2018 0:12,75904,1360,13.10999966,0.039999999,179219,327.75,0.479999989,1,327.75,314.6400146,151.0299988,South Asia,Karnataka,CLOSED,,1360,73,,http://images.acmesports.sports/Smart+watch ,Smart watch ,327.75,0,1/15/2018 0:12,First Class
DEBIT,2,1,62.27000046,311.3599854,Late delivery,1,73,Sporting Goods,Dallas,EE. UU.,XXXXXXXXX,Amy,19456,Lindsay,XXXXXXXXX,Corporate,TX,1188 Old Abbey,75228,2,Fitness,32.81010819,-96.68649292,Pacific Asia,Wollongong,Australia,19456,1/12/2018 23:51,75903,1360,16.38999939,0.050000001,179218,327.75,0.200000003,1,327.75,311.3599854,62.27000046,Oceania,Nueva Gales del Sur,COMPLETE,,1360,73,,http://images.acmesports.sports/Smart+watch ,Smart watch ,327.75,0,1/14/2018 23:51,First Class
DEBIT,1,0,35,309.7200012,Late delivery,1,73,Sporting Goods,Caguas,Puerto Rico,XXXXXXXXX,Ivory,19455,Parks,XXXXXXXXX,Consumer,PR,7004 Hazy Lake Townline,725,2,Fitness,18.28604889,-66.03705597,Pacific Asia,Wollongong,Australia,19455,1/12/2018 23:30,75902,1360,18.03000069,0.059999999,179217,327.75,0.109999999,1,327.75,309.7200012,35,Oceania,Nueva Gales del Sur,COMPLETE,,1360,73,,http://images.acmesports.sports/Smart+watch ,Smart watch ,327.75,0,1/13/2018 11:30,Same Day
TRANSFER,1,0,57.29999924,304.8099976,Shipping canceled,0,73,Sporting Goods,Newark,EE. UU.,XXXXXXXXX,Karina,19454,Prince,XXXXXXXXX,Consumer,DE,2556 Umber Autoroute,19702,2,Fitness,39.68188095,-75.64421082,Pacific Asia,Wollongong,Australia,19454,1/12/2018 23:09,75901,1360,22.94000053,0.07,179216,327.75,0.189999998,1,327.75,304.8099976,57.29999924,Oceania,Nueva Gales del Sur,CANCELED,,1360,73,,http://images.acmesports.sports/Smart+watch ,Smart watch ,327.75,0,1/13/2018 11:09,Same Day
PAYMENT,1,0,143.1600037,298.25,Late delivery,1,73,Sporting Goods,Panorama City,EE. UU.,XXXXXXXXX,Deanna,19453,Goff,XXXXXXXXX,Consumer,CA,3722 Thunder Cape,91402,2,Fitness,34.15893936,-118.1809387,Pacific Asia,Singapur,Singapur,19453,1/12/2018 22:48,75900,1360,29.5,0.090000004,179215,327.75,0.479999989,1,327.75,298.25,143.1600037,Southeast Asia,Singapur,PENDING_PAYMENT,,1360,73,,http://images.acmesports.sports/Smart+watch ,Smart watch ,327.75,0,1/13/2018 10:48,Same Day
DEBIT,1,0,135.6900024,294.980011,Late delivery,1,73,Sporting Goods,Caguas,Puerto Rico,XXXXXXXXX,Dacey,19452,Walters,XXXXXXXXX,Home Office,PR,2676 Velvet Common,725,2,Fitness,18.28294563,-66.0370636,Pacific Asia,Singapur,Singapur,19452,1/12/2018 22:27,75899,1360,32.77999878,0.100000001,179214,327.75,0.460000008,1,327.75,294.980011,135.6900024,Southeast Asia,Singapur,COMPLETE,,1360,73,,http://images.acmesports.sports/Smart+watch ,Smart watch ,327.75,0,1/13/2018 10:27,Same Day
CASH,4,4,132.6699982,288.4200134,Shipping on time,0,73,Sporting Goods,Atlanta,EE. UU.,XXXXXXXXX,Adele,19451,Pennington,XXXXXXXXX,Home Office,GA,833 Amber Anchor Glen,30318,2,Fitness,33.81632614,-84.44550324,Pacific Asia,Medan,Indonesia,19451,1/12/2018 22:05,75898,1360,39.33000183,0.119999997,179213,327.75,0.460000008,1,327.75,288.4200134,132.6699982,Southeast Asia,Sumatra Septentrional,CLOSED,,1360,73,,http://images.acmesports.sports/Smart+watch ,Smart watch ,327.75,0,1/16/2018 22:05,Standard Class
PAYMENT,3,4,119.7600021,285.1400146,Advance shipping,0,73,Sporting Goods,Caguas,Puerto Rico,XXXXXXXXX,Sybill,19450,Spencer,XXXXXXXXX,Home Office,PR,830 Quaking Bear Grounds,725,2,Fitness,18.24103928,-66.0370636,Pacific Asia,Medan,Indonesia,19450,1/12/2018 21:44,75897,1360,42.61000061,0.129999995,179212,327.75,0.419999987,1,327.75,285.1400146,119.7600021,Southeast Asia,Sumatra Septentrional,PENDING_PAYMENT,,1360,73,,http://images.acmesports.sports/Smart+watch ,Smart watch ,327.75,0,1/15/2018 21:44,Standard Class
DEBIT,2,4,31.47999954,278.5899963,Advance shipping,0,73,Sporting Goods,Fremont,EE. UU.,XXXXXXXXX,Kay,19449,Sandoval,XXXXXXXXX,Consumer,CA,1509 Middle Oak Isle,94539,2,Fitness,37.49027634,-121.9271088,Pacific Asia,Canberra,Australia,19449,1/12/2018 21:23,75896,1360,49.15999985,0.150000006,179211,327.75,0.109999999,1,327.75,278.5899963,31.47999954,Oceania,Territorio de la Capital Australiana,COMPLETE,,1360,73,,http://images.acmesports.sports/Smart+watch ,Smart watch ,327.75,0,1/14/2018 21:23,Standard Class
TRANSFER,6,4,86.16999817,275.3099976,Late delivery,1,73,Sporting Goods,Caguas,Puerto Rico,XXXXXXXXX,Stacy,19448,Mckinney,XXXXXXXXX,Corporate,PR,9712 Fallen Robin Diversion,725,2,Fitness,18.26469612,-66.03705597,Pacific Asia,Bangalore,India,19448,1/12/2018 21:02,75895,1360,52.43999863,0.159999996,179210,327.75,0.310000002,1,327.75,275.3099976,86.16999817,South Asia,Karnataka,PENDING,,1360,73,,http://images.acmesports.sports/Smart+watch ,Smart watch ,327.75,0,1/18/2018 21:02,Standard Class
TRANSFER,5,2,130.5800018,272.0299988,Late delivery,1,73,Sporting Goods,Rochester,EE. UU.,XXXXXXXXX,Marah,19447,Lara,XXXXXXXXX,Corporate,NY,8665 Sunny Deer Woods,14609,2,Fitness,43.18824005,-77.56706238,Pacific Asia,Bangalore,India,19447,1/12/2018 20:41,75894,1360,55.72000122,0.170000002,179209,327.75,0.479999989,1,327.75,272.0299988,130.5800018,South Asia,Karnataka,PENDING,,1360,73,,http://images.acmesports.sports/Smart+watch ,Smart watch ,327.75,0,1/17/2018 20:41,Second Class
TRANSFER,4,4,0,268.7600098,Shipping on time,0,73,Sporting Goods,Dallas,EE. UU.,XXXXXXXXX,Taylor,19446,Wood,XXXXXXXXX,Corporate,TX,9879 Harvest Deer Farms,75211,2,Fitness,32.753685,-96.86553955,Pacific Asia,Yiwu,China,19446,1/12/2018 20:20,75893,1360,59,0.180000007,179208,327.75,0,1,327.75,268.7600098,0,Eastern Asia,Zhejiang,PROCESSING,,1360,73,,http://images.acmesports.sports/Smart+watch ,Smart watch ,327.75,0,1/16/2018 20:20,Standard Class
PAYMENT,5,2,-30.75,115.1800003,Late delivery,1,17,Cleats,Bayamon,Puerto Rico,XXXXXXXXX,Mary,9083,Frank,XXXXXXXXX,Home Office,PR,75 Sunny Grounds,957,4,Apparel,18.38011932,-66.18312836,Pacific Asia,Mirzapur,India,9083,2/24/2016 13:57,28744,365,4.800000191,0.039999999,71956,59.99000168,-0.270000011,2,119.9800034,115.1800003,-30.75,South Asia,Uttar Pradesh,PENDING_PAYMENT,,365,17,,http://images.acmesports.sports/Perfect+Fitness+Perfect+Rip+Deck,Perfect Fitness Perfect Rip Deck,59.99000168,0,2/29/2016 13:57,Second Class
PAYMENT,2,2,-122.7300034,79.18000031,Shipping on time,0,29,Shop By Sport,Caguas,Puerto Rico,XXXXXXXXX,Mary,4741,Smith,XXXXXXXXX,Home Office,PR,9731 Honey Fox Towers,725,5,Golf,18.23557282,-66.3706131,Pacific Asia,Bursa,Turquía,4741,10/25/2016 14:39,45461,627,0.800000012,0.01,113598,39.99000168,-1.549999952,2,79.98000336,79.18000031,-122.7300034,West Asia,Bursa,PENDING_PAYMENT,,627,29,,http://images.acmesports.sports/Under+Armour+Girls%27+Toddler+Spine+Surge+Running+Shoe,Under Armour Girls' Toddler Spine Surge Runni,39.99000168,0,10/27/2016 14:39,Second Class
PAYMENT,6,2,33.59999847,96,Late delivery,1,24,Women's Apparel,Caguas,Puerto Rico,XXXXXXXXX,Elizabeth,639,Pittman,XXXXXXXXX,Home Office,PR,7573 Golden Treasure Centre,725,5,Golf,18.02536774,-66.61303711,Pacific Asia,Murray Bridge,Australia,639,3/30/2016 4:37,31115,502,4,0.039999999,77757,50,0.349999994,2,100,96,33.59999847,Oceania,Australia del Sur,PENDING_PAYMENT,,502,24,,http://images.acmesports.sports/Nike+Men%27s+Dri-FIT+Victory+Golf+Polo,Nike Men's Dri-FIT Victory Golf Polo,50,0,4/5/2016 4:37,Second Class
PAYMENT,2,2,24.69000053,75.98000336,Shipping on time,0,29,Shop By Sport,Caguas,Puerto Rico,XXXXXXXXX,Katherine,9702,Tyler,XXXXXXXXX,Home Office,PR,8369 Sunny Crossing,725,5,Golf,18.27383804,-66.37063599,Pacific Asia,Kartal,Turquía,9702,10/30/2016 1:31,45766,627,4,0.050000001,114401,39.99000168,0.330000013,2,79.98000336,75.98000336,24.69000053,West Asia,Estambul,PENDING_PAYMENT,,627,29,,http://images.acmesports.sports/Under+Armour+Girls%27+Toddler+Spine+Surge+Running+Shoe,Under Armour Girls' Toddler Spine Surge Runni,39.99000168,0,11/1/2016 1:31,Second Class
PAYMENT,3,2,9.100000381,91,Late delivery,1,24,Women's Apparel,Caguas,Puerto Rico,XXXXXXXXX,Mary,9114,Smith,XXXXXXXXX,Home Office,PR,1425 Fallen Fox Arbor,725,5,Golf,18.2848053,-66.37059021,Pacific Asia,Ulan Bator,Mongolia,9114,11/28/2016 1:18,47752,502,9,0.090000004,119405,50,0.100000001,2,100,91,9.100000381,Eastern Asia,Ulán Bator,PENDING_PAYMENT,,502,24,,http://images.acmesports.sports/Nike+Men%27s+Dri-FIT+Victory+Golf+Polo,Nike Men's Dri-FIT Victory Golf Polo,50,0,12/1/2016 1:18,Second Class
PAYMENT,5,2,-21.75,87,Late delivery,1,24,Women's Apparel,Caguas,Puerto Rico,XXXXXXXXX,Dennis,1362,Smith,XXXXXXXXX,Home Office,PR,2290 Crystal Pathway,725,5,Golf,18.29496765,-66.37050629,Pacific Asia,Estambul,Turquía,1362,12/31/2016 15:47,50054,502,13,0.129999995,125135,50,-0.25,2,100,87,-21.75,West Asia,Estambul,PENDING_PAYMENT,,502,24,,http://images.acmesports.sports/Nike+Men%27s+Dri-FIT+Victory+Golf+Polo,Nike Men's Dri-FIT Victory Golf Polo,50,0,1/5/2017 15:47,Second Class
PAYMENT,6,2,6.150000095,82,Late delivery,1,24,Women's Apparel,Caguas,Puerto Rico,XXXXXXXXX,Mary,8011,Hill,XXXXXXXXX,Home Office,PR,6179 Noble Panda Moor,725,5,Golf,18.25571251,-66.37050629,Pacific Asia,Raipur,India,8011,10/25/2015 6:24,20365,502,18,0.180000007,50842,50,0.079999998,2,100,82,6.150000095,South Asia,Rajastán,PENDING_PAYMENT,,502,24,,http://images.acmesports.sports/Nike+Men%27s+Dri-FIT+Victory+Golf+Polo,Nike Men's Dri-FIT Victory Golf Polo,50,0,10/31/2015 6:24,Second Class
PAYMENT,2,2,22.40999985,74.68000031,Shipping on time,0,13,Electronics,Caguas,Puerto Rico,XXXXXXXXX,Mary,3296,Smith,XXXXXXXXX,Home Office,PR,8205 Silver Grove Row,725,3,Footwear,18.23466301,-66.37059784,USCA,Pasco,Estados Unidos,3296,6/11/2016 15:12,36146,278,15.30000019,0.170000002,90273,44.99000168,0.300000012,2,89.98000336,74.68000031,22.40999985,West of USA ,Washington,PENDING_PAYMENT,99301,278,13,,http://images.acmesports.sports/Under+Armour+Men%27s+Compression+EV+SL+Slide,Under Armour Men's Compression EV SL Slide,44.99000168,0,6/13/2016 15:12,Second Class
PAYMENT,5,2,25.23999977,90.15000153,Late delivery,1,12,Boxing & MMA,Caguas,Puerto Rico,XXXXXXXXX,Frances,3182,Smith,XXXXXXXXX,Home Office,PR,7786 Middle Private,725,3,Footwear,18.26268196,-66.37049866,USCA,Los Angeles,Estados Unidos,3182,8/24/2016 21:45,41234,249,19.79000092,0.180000007,102921,54.97000122,0.280000001,2,109.9400024,90.15000153,25.23999977,West of USA ,California,PENDING_PAYMENT,90049,249,12,,http://images.acmesports.sports/Under+Armour+Women%27s+Micro+G+Skulpt+Running+Shoe,Under Armour Women's Micro G Skulpt Running S,54.97000122,0,8/29/2016 21:45,Second Class
PAYMENT,6,2,30.5699997,117.5800018,Late delivery,1,17,Cleats,Caguas,Puerto Rico,XXXXXXXXX,Alice,7864,Smith,XXXXXXXXX,Home Office,PR,4294 High Passage,725,4,Apparel,18.28279495,-66.37055969,USCA,San Francisco,Estados Unidos,7864,4/13/2016 10:12,32090,365,2.400000095,0.02,80250,59.99000168,0.25999999,2,119.9800034,117.5800018,30.5699997,West of USA ,California,PENDING_PAYMENT,94110,365,17,,http://images.acmesports.sports/Perfect+Fitness+Perfect+Rip+Deck,Perfect Fitness Perfect Rip Deck,59.99000168,0,4/19/2016 10:12,Second Class
PAYMENT,4,2,46.0699997,95.98000336,Late delivery,1,17,Cleats,Caguas,Puerto Rico,XXXXXXXXX,Kyle,11169,Thomas,XXXXXXXXX,Home Office,PR,5274 Easy Beach,725,4,Apparel,18.27466202,-66.37058258,USCA,Overland Park,Estados Unidos,11169,5/22/2016 14:10,34773,365,24,0.200000003,86866,59.99000168,0.479999989,2,119.9800034,95.98000336,46.0699997,US Center ,Kansas,PENDING_PAYMENT,66212,365,17,,http://images.acmesports.sports/Perfect+Fitness+Perfect+Rip+Deck,Perfect Fitness Perfect Rip Deck,59.99000168,0,5/26/2016 14:10,Second Class
PAYMENT,2,2,-184.7799988,263.9700012,Shipping on time,0,9,Cardio Equipment,Caguas,Puerto Rico,XXXXXXXXX,Brenda,5197,Jordan,XXXXXXXXX,Home Office,PR,4692 Jagged Thicket,725,3,Footwear,18.2689991,-66.37049866,Africa,Ugep,Nigeria,5197,10/4/2016 22:55,44046,191,36,0.119999997,110025,99.98999786,-0.699999988,3,299.9700012,263.9700012,-184.7799988,West Africa,Cross River,PENDING_PAYMENT,,191,9,,http://images.acmesports.sports/Nike+Men%27s+Free+5.0%2B+Running+Shoe,Nike Men's Free 5.0+ Running Shoe,99.98999786,0,10/6/2016 22:55,Second Class
PAYMENT,5,2,38.75,113.9700012,Late delivery,1,29,Shop By Sport,Caguas,Puerto Rico,XXXXXXXXX,Frank,1535,Livingston,XXXXXXXXX,Home Office,PR,5161 Crystal Quail Jetty,725,5,Golf,18.2308178,-66.37052155,Africa,Kinshasa,República Democrática del Congo,1535,11/8/2016 12:32,46414,627,6,0.050000001,116033,39.99000168,0.340000004,3,119.9700012,113.9700012,38.75,Central Africa,Kinshasa,PENDING_PAYMENT,,627,29,,http://images.acmesports.sports/Under+Armour+Girls%27+Toddler+Spine+Surge+Running+Shoe,Under Armour Girls' Toddler Spine Surge Runni,39.99000168,0,11/13/2016 12:32,Second Class
PAYMENT,5,2,-3.650000095,63.99000168,Late delivery,1,41,Trade-In,Caguas,Puerto Rico,XXXXXXXXX,Johnny,6122,Smith,XXXXXXXXX,Home Office,PR,1465 Round Fawn Passage,725,6,Outdoors,18.26138115,-66.37056732,Africa,Dakar,Senegal,6122,11/11/2016 5:21,46599,917,1.980000019,0.029999999,116462,21.98999977,-0.059999999,3,65.97000122,63.99000168,-3.650000095,West Africa,Dakar,PENDING_PAYMENT,,917,41,,http://images.acmesports.sports/Glove+It+Women%27s+Mod+Oval+3-Zip+Carry+All+Golf+Bag,Glove It Women's Mod Oval 3-Zip Carry All Gol,21.98999977,0,11/16/2016 5:21,Second Class
PAYMENT,5,2,38.22999954,79.66000366,Late delivery,1,37,Electronics,Caguas,Puerto Rico,XXXXXXXXX,Mary,9451,Smith,XXXXXXXXX,Home Office,PR,5723 Cinder Loop,725,6,Outdoors,18.23650742,-66.37051392,Africa,Casablanca,Marruecos,9451,12/8/2016 0:14,48434,828,16.30999947,0.170000002,121134,31.98999977,0.479999989,3,95.97000122,79.66000366,38.22999954,North Africa,Gran Casablanca,PENDING_PAYMENT,,828,37,,http://images.acmesports.sports/Bridgestone+e6+Straight+Distance+NFL+San+Diego+Chargers...,Bridgestone e6 Straight Distance NFL San Dieg,31.98999977,0,12/13/2016 0:14,Second Class
PAYMENT,3,2,129.3500061,293.9700012,Late delivery,1,9,Cardio Equipment,Caguas,Puerto Rico,XXXXXXXXX,Mary,542,Smith,XXXXXXXXX,Home Office,PR,2991 Silent Deer Landing,725,3,Footwear,18.35921478,-66.07779694,Europe,Dortmund,Alemania,542,7/7/2015 5:31,12827,191,6,0.02,32072,99.98999786,0.439999998,3,299.9700012,293.9700012,129.3500061,Western Europe,Renania del Norte-Westfalia,PENDING_PAYMENT,,191,9,,http://images.acmesports.sports/Nike+Men%27s+Free+5.0%2B+Running+Shoe,Nike Men's Free 5.0+ Running Shoe,99.98999786,0,7/10/2015 5:31,Second Class
PAYMENT,2,2,132.2899933,269.9700012,Shipping on time,0,9,Cardio Equipment,Caguas,Puerto Rico,XXXXXXXXX,Hannah,11329,Smith,XXXXXXXXX,Home Office,PR,5086 Emerald Fox Farms,725,3,Footwear,18.29944229,-66.37052155,Europe,Drancy,Francia,11329,7/22/2017 7:16,63936,191,30,0.100000001,159828,99.98999786,0.49000001,3,299.9700012,269.9700012,132.2899933,Western Europe,Isla de Francia,PENDING_PAYMENT,,191,9,,http://images.acmesports.sports/Nike+Men%27s+Free+5.0%2B+Running+Shoe,Nike Men's Free 5.0+ Running Shoe,99.98999786,0,7/24/2017 7:16,Second Class
PAYMENT,6,2,76.04000092,224.9799957,Late delivery,1,9,Cardio Equipment,Caguas,Puerto Rico,XXXXXXXXX,Mary,3570,Nelson,XXXXXXXXX,Home Office,PR,3909 Hidden Treasure Beach,725,3,Footwear,18.28996849,-66.37054443,Europe,Nantes,Francia,3570,8/7/2017 6:33,65030,191,74.98999786,0.25,162548,99.98999786,0.340000004,3,299.9700012,224.9799957,76.04000092,Western Europe,Países del Loira,PENDING_PAYMENT,,191,9,,http://images.acmesports.sports/Nike+Men%27s+Free+5.0%2B+Running+Shoe,Nike Men's Free 5.0+ Running Shoe,99.98999786,0,8/13/2017 6:33,Second Class
PAYMENT,4,2,81.12999725,176.3699951,Late delivery,1,17,Cleats,Caguas,Puerto Rico,XXXXXXXXX,Austin,650,Sexton,XXXXXXXXX,Home Office,PR,4691 Cinder Crest,725,4,Apparel,18.2275734,-66.04563141,Europe,Groningen,Países Bajos,650,9/22/2015 7:41,18108,365,3.599999905,0.02,45253,59.99000168,0.460000008,3,179.9700012,176.3699951,81.12999725,Western Europe,Groningen,PENDING_PAYMENT,,365,17,,http://images.acmesports.sports/Perfect+Fitness+Perfect+Rip+Deck,Perfect Fitness Perfect Rip Deck,59.99000168,0,9/26/2015 7:41,Second Class
PAYMENT,2,2,43.52000046,167.3699951,Shipping on time,0,17,Cleats,Caguas,Puerto Rico,XXXXXXXXX,Michael,9353,Scott,XXXXXXXXX,Home Office,PR,5703 Tawny Creek Townline,725,4,Apparel,18.2988205,-66.37059784,Europe,Gateshead,Reino Unido,9353,7/2/2017 9:03,62571,365,12.60000038,0.07,156394,59.99000168,0.25999999,3,179.9700012,167.3699951,43.52000046,Northern Europe,Inglaterra,PENDING_PAYMENT,,365,17,,http://images.acmesports.sports/Perfect+Fitness+Perfect+Rip+Deck,Perfect Fitness Perfect Rip Deck,59.99000168,0,7/4/2017 9:03,Second Class
PAYMENT,3,2,68.77999878,163.7700043,Late delivery,1,17,Cleats,Caguas,Puerto Rico,XXXXXXXXX,Mary,54,Olson,XXXXXXXXX,Home Office,PR,7333 Cinder Way,725,4,Apparel,18.02538109,-66.61508179,Europe,Eastbourne,Reino Unido,54,9/8/2015 12:15,17162,365,16.20000076,0.090000004,42919,59.99000168,0.419999987,3,179.9700012,163.7700043,68.77999878,Northern Europe,Inglaterra,PENDING_PAYMENT,,365,17,,http://images.acmesports.sports/Perfect+Fitness+Perfect+Rip+Deck,Perfect Fitness Perfect Rip Deck,59.99000168,0,9/11/2015 12:15,Second Class
PAYMENT,3,2,40.49000168,161.9700012,Late delivery,1,17,Cleats,Caguas,Puerto Rico,XXXXXXXXX,Vincent,12151,Krueger,XXXXXXXXX,Home Office,PR,9404 Heather Bluff Dale,725,4,Apparel,18.25048637,-66.37062836,Europe,Hayange,Francia,12151,8/20/2017 7:03,65922,365,18,0.100000001,164735,59.99000168,0.25,3,179.9700012,161.9700012,40.49000168,Western Europe,Alsacia-Champaña-Ardenas-Lorena,PENDING_PAYMENT,,365,17,,http://images.acmesports.sports/Perfect+Fitness+Perfect+Rip+Deck,Perfect Fitness Perfect Rip Deck,59.99000168,0,8/23/2017 7:03,Second Class
PAYMENT,2,2,20.93000031,139.5,Shipping on time,0,24,Women's Apparel,Caguas,Puerto Rico,XXXXXXXXX,Hannah,11329,Smith,XXXXXXXXX,Home Office,PR,5086 Emerald Fox Farms,725,5,Golf,18.29944229,-66.37052155,Europe,Drancy,Francia,11329,7/22/2017 7:16,63936,502,10.5,0.07,159829,50,0.150000006,3,150,139.5,20.93000031,Western Europe,Isla de Francia,PENDING_PAYMENT,,502,24,,http://images.acmesports.sports/Nike+Men%27s+Dri-FIT+Victory+Golf+Polo,Nike Men's Dri-FIT Victory Golf Polo,50,0,7/24/2017 7:16,Second Class
PAYMENT,4,2,12.19999981,107.9700012,Late delivery,1,29,Shop By Sport,Caguas,Puerto Rico,XXXXXXXXX,Gregory,10018,Rodriguez,XXXXXXXXX,Home Office,PR,1632 Green Fawn Corners,725,5,Golf,18.24069786,-66.37055969,Europe,Portsmouth,Reino Unido,10018,8/4/2017 2:31,64813,627,12,0.100000001,162007,39.99000168,0.109999999,3,119.9700012,107.9700012,12.19999981,Northern Europe,Inglaterra,PENDING_PAYMENT,,627,29,,http://images.acmesports.sports/Under+Armour+Girls%27+Toddler+Spine+Surge+Running+Shoe,Under Armour Girls' Toddler Spine Surge Runni,39.99000168,0,8/8/2017 2:31,Second Class
PAYMENT,3,2,12.71000004,112.5,Late delivery,1,24,Women's Apparel,Caguas,Puerto Rico,XXXXXXXXX,Frances,3182,Smith,XXXXXXXXX,Home Office,PR,7786 Middle Private,725,5,Golf,18.26268196,-66.37049866,Europe,Gelsenkirchen,Alemania,3182,9/18/2017 1:14,67892,502,37.5,0.25,169747,50,0.109999999,3,150,112.5,12.71000004,Western Europe,Renania del Norte-Westfalia,PENDING_PAYMENT,,502,24,,http://images.acmesports.sports/Nike+Men%27s+Dri-FIT+Victory+Golf+Polo,Nike Men's Dri-FIT Victory Golf Polo,50,0,9/21/2017 1:14,Second Class
PAYMENT,6,2,7.760000229,55.40999985,Late delivery,1,41,Trade-In,Caguas,Puerto Rico,XXXXXXXXX,Kyle,4936,Smith,XXXXXXXXX,Home Office,PR,8344 Noble Mountain Gate,725,6,Outdoors,18.21209908,-66.37050629,Europe,Nice,Francia,4936,7/2/2015 19:42,12525,917,10.56000042,0.159999996,31344,21.98999977,0.140000001,3,65.97000122,55.40999985,7.760000229,Western Europe,Provenza-Alpes-Costa Azul,PENDING_PAYMENT,,917,41,,http://images.acmesports.sports/Glove+It+Women%27s+Mod+Oval+3-Zip+Carry+All+Golf+Bag,Glove It Women's Mod Oval 3-Zip Carry All Gol,21.98999977,0,7/8/2015 19:42,Second Class
PAYMENT,6,2,101.3899994,299.9700012,Late delivery,1,9,Cardio Equipment,Caguas,Puerto Rico,XXXXXXXXX,Lisa,8707,Smith,XXXXXXXXX,Home Office,PR,7208 Bright Landing,725,3,Footwear,18.23131371,-66.37062836,LATAM,Petapa,Guatemala,8707,3/28/2015 0:55,5895,191,0,0,14664,99.98999786,0.340000004,3,299.9700012,299.9700012,101.3899994,Central America,Guatemala,PENDING_PAYMENT,,191,9,,http://images.acmesports.sports/Nike+Men%27s+Free+5.0%2B+Running+Shoe,Nike Men's Free 5.0+ Running Shoe,99.98999786,0,4/3/2015 0:55,Second Class
PAYMENT,5,2,-285.0700073,178.1699982,Late delivery,1,17,Cleats,Caguas,Puerto Rico,XXXXXXXXX,Megan,1025,Todd,XXXXXXXXX,Home Office,PR,1393 Umber Sky Estates,725,4,Apparel,18.29652023,-66.04867554,LATAM,Mejicanos,El Salvador,1025,4/2/2017 16:43,56359,365,1.799999952,0.01,140970,59.99000168,-1.600000024,3,179.9700012,178.1699982,-285.0700073,Central America,San Salvador,PENDING_PAYMENT,,365,17,,http://images.acmesports.sports/Perfect+Fitness+Perfect+Rip+Deck,Perfect Fitness Perfect Rip Deck,59.99000168,0,4/7/2017 16:43,Second Class
PAYMENT,4,2,42.74000168,170.9700012,Late delivery,1,17,Cleats,Caguas,Puerto Rico,XXXXXXXXX,Mary,8831,Smith,XXXXXXXXX,Home Office,PR,8165 Red Lane,725,4,Apparel,18.28746414,-66.37054443,LATAM,David,Panamá,8831,5/5/2017 14:23,58613,365,9,0.050000001,146701,59.99000168,0.25,3,179.9700012,170.9700012,42.74000168,Central America,Chiriquí,PENDING_PAYMENT,,365,17,,http://images.acmesports.sports/Perfect+Fitness+Perfect+Rip+Deck,Perfect Fitness Perfect Rip Deck,59.99000168,0,5/9/2017 14:23,Second Class
PAYMENT,5,2,49.3199997,170.0700073,Late delivery,1,17,Cleats,Caguas,Puerto Rico,XXXXXXXXX,Mary,10679,Smith,XXXXXXXXX,Home Office,PR,331 Grand Orchard,725,4,Apparel,18.29108048,-66.37050629,LATAM,Santo Domingo,República Dominicana,10679,4/25/2015 4:44,7824,365,9.899999619,0.059999999,19564,59.99000168,0.289999992,3,179.9700012,170.0700073,49.3199997,Caribbean,Santo Domingo,PENDING_PAYMENT,,365,17,,http://images.acmesports.sports/Perfect+Fitness+Perfect+Rip+Deck,Perfect Fitness Perfect Rip Deck,59.99000168,0,4/30/2015 4:44,Second Class
PAYMENT,5,2,80.33999634,167.3699951,Late delivery,1,17,Cleats,Caguas,Puerto Rico,XXXXXXXXX,Mary,5007,Smith,XXXXXXXXX,Home Office,PR,2264 Thunder Abbey,725,4,Apparel,18.24984551,-66.37050629,LATAM,Cabimas,Venezuela,5007,4/25/2015 1:14,7814,365,12.60000038,0.07,19544,59.99000168,0.479999989,3,179.9700012,167.3699951,80.33999634,South America,Zulia,PENDING_PAYMENT,,365,17,,http://images.acmesports.sports/Perfect+Fitness+Perfect+Rip+Deck,Perfect Fitness Perfect Rip Deck,59.99000168,0,4/30/2015 1:14,Second Class
PAYMENT,5,2,-26.69000053,163.7700043,Late delivery,1,17,Cleats,Caguas,Puerto Rico,XXXXXXXXX,Mary,5007,Smith,XXXXXXXXX,Home Office,PR,2264 Thunder Abbey,725,4,Apparel,18.24984551,-66.37050629,LATAM,Cabimas,Venezuela,5007,4/25/2015 1:14,7814,365,16.20000076,0.090000004,19542,59.99000168,-0.159999996,3,179.9700012,163.7700043,-26.69000053,South America,Zulia,PENDING_PAYMENT,,365,17,,http://images.acmesports.sports/Perfect+Fitness+Perfect+Rip+Deck,Perfect Fitness Perfect Rip Deck,59.99000168,0,4/30/2015 1:14,Second Class
PAYMENT,3,2,-117.3300018,152.9700012,Late delivery,1,17,Cleats,Caguas,Puerto Rico,XXXXXXXXX,Mary,9854,Smith,XXXXXXXXX,Home Office,PR,9082 Merry Lookout,725,4,Apparel,18.25671768,-66.37062836,LATAM,Santo Domingo,República Dominicana,9854,6/6/2017 15:03,60807,365,27,0.150000006,152161,59.99000168,-0.769999981,3,179.9700012,152.9700012,-117.3300018,Caribbean,Santo Domingo,PENDING_PAYMENT,,365,17,,http://images.acmesports.sports/Perfect+Fitness+Perfect+Rip+Deck,Perfect Fitness Perfect Rip Deck,59.99000168,0,6/9/2017 15:03,Second Class
PAYMENT,4,2,47.88000107,152.9700012,Late delivery,1,17,Cleats,Caguas,Puerto Rico,XXXXXXXXX,Grace,376,Sanchez,XXXXXXXXX,Home Office,PR,6468 Fallen Close,725,4,Apparel,18.24754334,-66.0253067,LATAM,Dos Quebradas,Colombia,376,2/18/2017 16:36,53413,365,27,0.150000006,133456,59.99000168,0.310000002,3,179.9700012,152.9700012,47.88000107,South America,Risaralda,PENDING_PAYMENT,,365,17,,http://images.acmesports.sports/Perfect+Fitness+Perfect+Rip+Deck,Perfect Fitness Perfect Rip Deck,59.99000168,0,2/22/2017 16:36,Second Class
PAYMENT,4,2,72,150,Late delivery,1,24,Women's Apparel,Caguas,Puerto Rico,XXXXXXXXX,Dennis,5417,Meyer,XXXXXXXXX,Home Office,PR,7342 Hidden Walk,725,5,Golf,18.27673721,-66.37055206,LATAM,Ilopango,El Salvador,5417,4/26/2015 3:10,7888,502,0,0,19707,50,0.479999989,3,150,150,72,Central America,San Salvador,PENDING_PAYMENT,,502,24,,http://images.acmesports.sports/Nike+Men%27s+Dri-FIT+Victory+Golf+Polo,Nike Men's Dri-FIT Victory Golf Polo,50,0,4/30/2015 3:10,Second Class
PAYMENT,4,2,29.94000053,115.1699982,Late delivery,1,29,Shop By Sport,Caguas,Puerto Rico,XXXXXXXXX,Douglas,10759,Smith,XXXXXXXXX,Home Office,PR,577 Rustic Nectar Row,725,5,Golf,18.2968483,-66.37050629,LATAM,Tegucigalpa,Honduras,10759,4/10/2015 0:02,6783,627,4.800000191,0.039999999,16956,39.99000168,0.25999999,3,119.9700012,115.1699982,29.94000053,Central America,Francisco Morazán,PENDING_PAYMENT,,627,29,,http://images.acmesports.sports/Under+Armour+Girls%27+Toddler+Spine+Surge+Running+Shoe,Under Armour Girls' Toddler Spine Surge Runni,39.99000168,0,4/14/2015 0:02,Second Class
PAYMENT,4,2,23.46999931,144,Late delivery,1,24,Women's Apparel,Caguas,Puerto Rico,XXXXXXXXX,Mary,8541,Smith,XXXXXXXXX,Home Office,PR,5700 Little Circle,725,5,Golf,18.29609299,-66.37050629,LATAM,Juazeiro,Brasil,8541,4/11/2017 15:49,56973,502,6,0.039999999,142502,50,0.159999996,3,150,144,23.46999931,South America,Bahía,PENDING_PAYMENT,,502,24,,http://images.acmesports.sports/Nike+Men%27s+Dri-FIT+Victory+Golf+Polo,Nike Men's Dri-FIT Victory Golf Polo,50,0,4/15/2017 15:49,Second Class
PAYMENT,5,2,68.40000153,142.5,Late delivery,1,24,Women's Apparel,Caguas,Puerto Rico,XXXXXXXXX,Mary,10679,Smith,XXXXXXXXX,Home Office,PR,331 Grand Orchard,725,5,Golf,18.29108048,-66.37050629,LATAM,Santo Domingo,República Dominicana,10679,4/25/2015 4:44,7824,502,7.5,0.050000001,19563,50,0.479999989,3,150,142.5,68.40000153,Caribbean,Santo Domingo,PENDING_PAYMENT,,502,24,,http://images.acmesports.sports/Nike+Men%27s+Dri-FIT+Victory+Golf+Polo,Nike Men's Dri-FIT Victory Golf Polo,50,0,4/30/2015 4:44,Second Class
PAYMENT,6,2,43.65999985,139.5,Late delivery,1,24,Women's Apparel,Caguas,Puerto Rico,XXXXXXXXX,Mary,3752,Vega,XXXXXXXXX,Home Office,PR,7840 Umber Sky Villas,725,5,Golf,18.2105732,-66.37058258,LATAM,Mexico City,Mexico,3752,3/16/2017 2:54,55155,502,10.5,0.07,137932,50,0.310000002,3,150,139.5,43.65999985,Central America,Distrito Federal,PENDING_PAYMENT,,502,24,,http://images.acmesports.sports/Nike+Men%27s+Dri-FIT+Victory+Golf+Polo,Nike Men's Dri-FIT Victory Golf Polo,50,0,3/22/2017 2:54,Second Class
PAYMENT,2,2,13.19999981,132,Shipping on time,0,24,Women's Apparel,Caguas,Puerto Rico,XXXXXXXXX,Wayne,4673,Hodges,XXXXXXXXX,Home Office,PR,7509 Iron Concession,725,5,Golf,18.20111656,-66.37059021,LATAM,Tlaquepaque,Mexico,4673,3/29/2015 10:33,5991,502,18,0.119999997,14921,50,0.100000001,3,150,132,13.19999981,Central America,Jalisco,PENDING_PAYMENT,,502,24,,http://images.acmesports.sports/Nike+Men%27s+Dri-FIT+Victory+Golf+Polo,Nike Men's Dri-FIT Victory Golf Polo,50,0,3/31/2015 10:33,Second Class
PAYMENT,4,2,46.20000076,132,Late delivery,1,24,Women's Apparel,Caguas,Puerto Rico,XXXXXXXXX,Mary,5367,Mccormick,XXXXXXXXX,Home Office,PR,2199 Silver Autumn Key,725,5,Golf,18.21469116,-66.37051392,LATAM,Puebla,Mexico,5367,2/3/2015 0:28,2263,502,18,0.119999997,5671,50,0.349999994,3,150,132,46.20000076,Central America,Puebla,PENDING_PAYMENT,,502,24,,http://images.acmesports.sports/Nike+Men%27s+Dri-FIT+Victory+Golf+Polo,Nike Men's Dri-FIT Victory Golf Polo,50,0,2/7/2015 0:28,Second Class
PAYMENT,4,2,10.43999958,130.5,Late delivery,1,24,Women's Apparel,Caguas,Puerto Rico,XXXXXXXXX,Mary,5367,Mccormick,XXXXXXXXX,Home Office,PR,2199 Silver Autumn Key,725,5,Golf,18.21469116,-66.37051392,LATAM,Puebla,Mexico,5367,2/3/2015 0:28,2263,502,19.5,0.129999995,5669,50,0.079999998,3,150,130.5,10.43999958,Central America,Puebla,PENDING_PAYMENT,,502,24,,http://images.acmesports.sports/Nike+Men%27s+Dri-FIT+Victory+Golf+Polo,Nike Men's Dri-FIT Victory Golf Polo,50,0,2/7/2015 0:28,Second Class
PAYMENT,4,2,15.56000042,124.5,Late delivery,1,24,Women's Apparel,Caguas,Puerto Rico,XXXXXXXXX,Mary,10485,Smith,XXXXXXXXX,Home Office,PR,9470 Shady View Bend,725,5,Golf,18.28425598,-66.37058258,LATAM,Mexico City,Mexico,10485,2/18/2017 13:05,53403,502,25.5,0.170000002,133427,50,0.129999995,3,150,124.5,15.56000042,Central America,Distrito Federal,PENDING_PAYMENT,,502,24,,http://images.acmesports.sports/Nike+Men%27s+Dri-FIT+Victory+Golf+Polo,Nike Men's Dri-FIT Victory Golf Polo,50,0,2/22/2017 13:05,Second Class
PAYMENT,4,2,32.86000061,99.58000183,Late delivery,1,29,Shop By Sport,Caguas,Puerto Rico,XXXXXXXXX,Ronald,9272,Blackwell,XXXXXXXXX,Home Office,PR,9366 Silent Nectar Highway,725,5,Golf,18.20666885,-66.37056732,LATAM,São Paulo,Brasil,9272,1/18/2017 19:37,51298,627,20.38999939,0.170000002,128201,39.99000168,0.330000013,3,119.9700012,99.58000183,32.86000061,South America,São Paulo,PENDING_PAYMENT,,627,29,,http://images.acmesports.sports/Under+Armour+Girls%27+Toddler+Spine+Surge+Running+Shoe,Under Armour Girls' Toddler Spine Surge Runni,39.99000168,0,1/22/2017 19:37,Second Class
TRANSFER,5,4,9.600000381,240,Late delivery,1,24,Women's Apparel,Caguas,Puerto Rico,XXXXXXXXX,Mary,647,Rios,XXXXXXXXX,Consumer,PR,4167 Stony Extension,725,5,Golf,18.35907555,-66.07783508,LATAM,Montevideo,Uruguay,647,3/13/2015 18:59,4919,502,10,0.039999999,12307,50,0.039999999,5,250,240,9.600000381,South America,Montevideo,PENDING,,502,24,,http://images.acmesports.sports/Nike+Men%27s+Dri-FIT+Victory+Golf+Polo,Nike Men's Dri-FIT Victory Golf Polo,50,0,3/18/2015 18:59,Standard Class
TRANSFER,6,4,55.09000015,189.9499969,Late delivery,1,29,Shop By Sport,Caguas,Puerto Rico,XXXXXXXXX,Tammy,6398,Smith,XXXXXXXXX,Consumer,PR,7370 Sleepy Way,725,5,Golf,18.26378822,-66.37052918,LATAM,Buenos Aires,Argentina,6398,2/7/2017 9:47,52640,627,10,0.050000001,131580,39.99000168,0.289999992,5,199.9499969,189.9499969,55.09000015,South America,Buenos Aires,PENDING,,627,29,,http://images.acmesports.sports/Under+Armour+Girls%27+Toddler+Spine+Surge+Running+Shoe,Under Armour Girls' Toddler Spine Surge Runni,39.99000168,0,2/13/2017 9:47,Standard Class
TRANSFER,4,4,68.58999634,188.9499969,Shipping on time,0,29,Shop By Sport,Caguas,Puerto Rico,XXXXXXXXX,Mary,4209,Lara,XXXXXXXXX,Consumer,PR,1613 Broad Beach,725,5,Golf,18.20330429,-66.37052155,LATAM,São Paulo,Brasil,4209,4/3/2015 19:08,6358,627,11,0.059999999,15921,39.99000168,0.360000014,5,199.9499969,188.9499969,68.58999634,South America,São Paulo,PENDING,,627,29,,http://images.acmesports.sports/Under+Armour+Girls%27+Toddler+Spine+Surge+Running+Shoe,Under Armour Girls' Toddler Spine Surge Runni,39.99000168,0,4/7/2015 19:08,Standard Class
TRANSFER,2,4,51.97999954,236.25,Advance shipping,0,24,Women's Apparel,Caguas,Puerto Rico,XXXXXXXXX,Mary,8917,Smith,XXXXXXXXX,Consumer,PR,4992 Jagged Forest Subdivision,725,5,Golf,18.22487068,-66.37052155,LATAM,Barueri,Brasil,8917,4/13/2017 14:25,57106,502,13.75,0.059999999,142841,50,0.219999999,5,250,236.25,51.97999954,South America,São Paulo,PENDING,,502,24,,http://images.acmesports.sports/Nike+Men%27s+Dri-FIT+Victory+Golf+Polo,Nike Men's Dri-FIT Victory Golf Polo,50,0,4/15/2017 14:25,Standard Class
TRANSFER,6,4,-23.62999916,236.25,Late delivery,1,24,Women's Apparel,Caguas,Puerto Rico,XXXXXXXXX,Mary,7784,Smith,XXXXXXXXX,Consumer,PR,3216 Red Glade,725,5,Golf,18.25061035,-66.37062836,LATAM,Arapongas,Brasil,7784,4/2/2015 3:33,6245,502,13.75,0.059999999,15634,50,-0.100000001,5,250,236.25,-23.62999916,South America,Paraná,PENDING,,502,24,,http://images.acmesports.sports/Nike+Men%27s+Dri-FIT+Victory+Golf+Polo,Nike Men's Dri-FIT Victory Golf Polo,50,0,4/8/2015 3:33,Standard Class
TRANSFER,2,4,66.88999939,136.5,Advance shipping,0,29,Shop By Sport,Caguas,Puerto Rico,XXXXXXXXX,Christina,1425,Harvey,XXXXXXXXX,Consumer,PR,3481 Crystal Campus,725,5,Golf,18.27340317,-66.37052155,LATAM,Camagüey,Cuba,1425,1/31/2017 11:43,52166,642,13.5,0.090000004,130341,30,0.49000001,5,150,136.5,66.88999939,Caribbean,Camagüey,PENDING,,642,29,,http://images.acmesports.sports/Columbia+Men%27s+PFG+Anchor+Tough+T-Shirt,Columbia Men's PFG Anchor Tough T-Shirt,30,0,2/2/2017 11:43,Standard Class
TRANSFER,3,4,11.46000004,181.9499969,Advance shipping,0,29,Shop By Sport,Caguas,Puerto Rico,XXXXXXXXX,Mary,2737,Smith,XXXXXXXXX,Consumer,PR,5424 Rustic Anchor Boulevard,725,5,Golf,18.29137993,-66.3705368,LATAM,Las Tunas,Cuba,2737,3/30/2017 23:12,56172,627,18,0.090000004,140494,39.99000168,0.059999999,5,199.9499969,181.9499969,11.46000004,Caribbean,Las Tunas,PENDING,,627,29,,http://images.acmesports.sports/Under+Armour+Girls%27+Toddler+Spine+Surge+Running+Shoe,Under Armour Girls' Toddler Spine Surge Runni,39.99000168,0,4/2/2017 23:12,Standard Class
TRANSFER,5,4,22.5,225,Late delivery,1,24,Women's Apparel,Caguas,Puerto Rico,XXXXXXXXX,Mary,6428,Smith,XXXXXXXXX,Consumer,PR,3567 Heather Knoll,725,5,Golf,18.24738884,-66.37057495,LATAM,Santo Domingo,República Dominicana,6428,3/25/2017 23:02,55829,502,25,0.100000001,139611,50,0.100000001,5,250,225,22.5,Caribbean,Santo Domingo,PENDING,,502,24,,http://images.acmesports.sports/Nike+Men%27s+Dri-FIT+Victory+Golf+Polo,Nike Men's Dri-FIT Victory Golf Polo,50,0,3/30/2017 23:02,Standard Class
TRANSFER,4,4,67.5,225,Shipping on time,0,24,Women's Apparel,Caguas,Puerto Rico,XXXXXXXXX,Alexander,6543,Smith,XXXXXXXXX,Consumer,PR,7958 Thunder Apple Street,725,5,Golf,18.27920532,-66.37055206,LATAM,Tepic,Mexico,6543,2/5/2017 1:01,52478,502,25,0.100000001,131161,50,0.300000012,5,250,225,67.5,Central America,Nayarit,PENDING,,502,24,,http://images.acmesports.sports/Nike+Men%27s+Dri-FIT+Victory+Golf+Polo,Nike Men's Dri-FIT Victory Golf Polo,50,0,2/9/2017 1:01,Standard Class
TRANSFER,3,4,78.27999878,173.9600067,Advance shipping,0,29,Shop By Sport,Guayama,Puerto Rico,XXXXXXXXX,Sandra,3990,Smith,XXXXXXXXX,Consumer,PR,6496 Harvest Highlands,784,5,Golf,17.98249054,-66.1126709,LATAM,San Miguelito,Panamá,3990,4/15/2017 14:04,57242,627,25.98999977,0.129999995,143183,39.99000168,0.449999988,5,199.9499969,173.9600067,78.27999878,Central America,Panamá,PENDING,,627,29,,http://images.acmesports.sports/Under+Armour+Girls%27+Toddler+Spine+Surge+Running+Shoe,Under Armour Girls' Toddler Spine Surge Runni,39.99000168,0,4/18/2017 14:04,Standard Class
TRANSFER,3,4,104.4000015,217.5,Advance shipping,0,24,Women's Apparel,Caguas,Puerto Rico,XXXXXXXXX,Ruth,8524,Farrell,XXXXXXXXX,Consumer,PR,1453 Lazy Cider Hill,725,5,Golf,18.24496079,-66.3705368,LATAM,Ixtapaluca,Mexico,8524,2/15/2015 18:40,3137,502,32.5,0.129999995,7805,50,0.479999989,5,250,217.5,104.4000015,Central America,México,PENDING,,502,24,,http://images.acmesports.sports/Nike+Men%27s+Dri-FIT+Victory+Golf+Polo,Nike Men's Dri-FIT Victory Golf Polo,50,0,2/18/2015 18:40,Standard Class
TRANSFER,3,4,47.84999847,217.5,Advance shipping,0,24,Women's Apparel,Caguas,Puerto Rico,XXXXXXXXX,Mary,9204,Harris,XXXXXXXXX,Consumer,PR,8713 Quaking Abbey,725,5,Golf,18.28453636,-66.37060547,LATAM,Maceió,Brasil,9204,5/27/2017 16:48,60127,502,32.5,0.129999995,150464,50,0.219999999,5,250,217.5,47.84999847,South America,Alagoas,PENDING,,502,24,,http://images.acmesports.sports/Nike+Men%27s+Dri-FIT+Victory+Golf+Polo,Nike Men's Dri-FIT Victory Golf Polo,50,0,5/30/2017 16:48,Standard Class
TRANSFER,4,4,44.18999863,169.9600067,Shipping on time,0,29,Shop By Sport,Caguas,Puerto Rico,XXXXXXXXX,Lauren,11761,Coleman,XXXXXXXXX,Consumer,PR,1285 Noble Pointe,725,5,Golf,18.28339195,-66.37051392,LATAM,David,Panamá,11761,2/25/2015 20:46,3828,627,29.98999977,0.150000006,9521,39.99000168,0.25999999,5,199.9499969,169.9600067,44.18999863,Central America,Chiriquí,PENDING,,627,29,,http://images.acmesports.sports/Under+Armour+Girls%27+Toddler+Spine+Surge+Running+Shoe,Under Armour Girls' Toddler Spine Surge Runni,39.99000168,0,3/1/2015 20:46,Standard Class
TRANSFER,2,4,8.5,212.5,Advance shipping,0,24,Women's Apparel,Caguas,Puerto Rico,XXXXXXXXX,Mary,9554,Hayes,XXXXXXXXX,Consumer,PR,6314 Honey Canyon,725,5,Golf,18.22172546,-66.37059021,LATAM,Belo Horizonte,Brasil,9554,5/31/2017 11:33,60386,502,37.5,0.150000006,151122,50,0.039999999,5,250,212.5,8.5,South America,Minas Gerais,PENDING,,502,24,,http://images.acmesports.sports/Nike+Men%27s+Dri-FIT+Victory+Golf+Polo,Nike Men's Dri-FIT Victory Golf Polo,50,0,6/2/2017 11:33,Standard Class
TRANSFER,4,4,83.98000336,167.9600067,Shipping on time,0,29,Shop By Sport,Caguas,Puerto Rico,XXXXXXXXX,Mary,5118,Smith,XXXXXXXXX,Consumer,PR,1388 Blue Turnabout,725,5,Golf,18.25333214,-66.37051392,LATAM,Santiago de Cuba,Cuba,5118,1/15/2015 4:32,973,627,31.98999977,0.159999996,2420,39.99000168,0.5,5,199.9499969,167.9600067,83.98000336,Caribbean,Santiago de Cuba,PENDING,,627,29,,http://images.acmesports.sports/Under+Armour+Girls%27+Toddler+Spine+Surge+Running+Shoe,Under Armour Girls' Toddler Spine Surge Runni,39.99000168,0,1/19/2015 4:32,Standard Class
TRANSFER,5,4,70.13999939,207.5,Late delivery,1,24,Women's Apparel,Caguas,Puerto Rico,XXXXXXXXX,Gregory,5506,Smith,XXXXXXXXX,Consumer,PR,1122 Old Fox Lookout,725,5,Golf,18.22976875,-66.37052918,LATAM,San Pedro Sula,Honduras,5506,4/26/2017 15:16,57999,502,42.5,0.170000002,145119,50,0.340000004,5,250,207.5,70.13999939,Central America,Cortés,PENDING,,502,24,,http://images.acmesports.sports/Nike+Men%27s+Dri-FIT+Victory+Golf+Polo,Nike Men's Dri-FIT Victory Golf Polo,50,0,5/1/2017 15:16,Standard Class
TRANSFER,6,4,72.62999725,207.5,Late delivery,1,24,Women's Apparel,Caguas,Puerto Rico,XXXXXXXXX,Mary,1423,Day,XXXXXXXXX,Consumer,PR,257 Iron Elk Maze,725,5,Golf,18.22978401,-66.37054443,LATAM,Lima,Perú,1423,3/7/2017 19:12,54585,502,42.5,0.170000002,136527,50,0.349999994,5,250,207.5,72.62999725,South America,Lima (ciudad),PENDING,,502,24,,http://images.acmesports.sports/Nike+Men%27s+Dri-FIT+Victory+Golf+Polo,Nike Men's Dri-FIT Victory Golf Polo,50,0,3/13/2017 19:12,Standard Class
TRANSFER,4,4,-140,200,Shipping on time,0,24,Women's Apparel,Caguas,Puerto Rico,XXXXXXXXX,Mary,138,Dawson,XXXXXXXXX,Consumer,PR,9544 Noble Spring Route,725,5,Golf,18.22758102,-66.04357147,LATAM,Holguín,Cuba,138,4/20/2017 18:47,57598,502,50,0.200000003,144075,50,-0.699999988,5,250,200,-140,Caribbean,Holguín,PENDING,,502,24,,http://images.acmesports.sports/Nike+Men%27s+Dri-FIT+Victory+Golf+Polo,Nike Men's Dri-FIT Victory Golf Polo,50,0,4/24/2017 18:47,Standard Class
TRANSFER,5,4,-32.59999847,200,Late delivery,1,24,Women's Apparel,Caguas,Puerto Rico,XXXXXXXXX,Mary,6360,Phillips,XXXXXXXXX,Consumer,PR,7094 Misty Wynd,725,5,Golf,18.22297287,-66.37059021,LATAM,Orizaba,Mexico,6360,3/3/2017 6:14,54274,502,50,0.200000003,135699,50,-0.159999996,5,250,200,-32.59999847,Central America,Veracruz,PENDING,,502,24,,http://images.acmesports.sports/Nike+Men%27s+Dri-FIT+Victory+Golf+Polo,Nike Men's Dri-FIT Victory Golf Polo,50,0,3/8/2017 6:14,Standard Class
TRANSFER,4,4,68.98000336,149.9600067,Shipping on time,0,29,Shop By Sport,Caguas,Puerto Rico,XXXXXXXXX,Ronald,2053,Smith,XXXXXXXXX,Consumer,PR,1025 Colonial Plaza,725,5,Golf,18.24120712,-66.37050629,LATAM,Managua,Nicaragua,2053,6/4/2017 16:06,60673,627,49.99000168,0.25,151869,39.99000168,0.460000008,5,199.9499969,149.9600067,68.98000336,Central America,Managua,PENDING,,627,29,,http://images.acmesports.sports/Under+Armour+Girls%27+Toddler+Spine+Surge+Running+Shoe,Under Armour Girls' Toddler Spine Surge Runni,39.99000168,0,6/8/2017 16:06,Standard Class
TRANSFER,3,4,-11.81000042,187.5,Advance shipping,0,24,Women's Apparel,Juana Diaz,Puerto Rico,XXXXXXXXX,Mary,10344,Smith,XXXXXXXXX,Consumer,PR,2839 Grand Timber Canyon,795,5,Golf,18.05199051,-66.50184631,LATAM,Villahermosa,Mexico,10344,5/16/2017 21:33,59387,502,62.5,0.25,148673,50,-0.059999999,5,250,187.5,-11.81000042,Central America,Tabasco,PENDING,,502,24,,http://images.acmesports.sports/Nike+Men%27s+Dri-FIT+Victory+Golf+Polo,Nike Men's Dri-FIT Victory Golf Polo,50,0,5/19/2017 21:33,Standard Class
TRANSFER,6,4,52.5,187.5,Late delivery,1,24,Women's Apparel,Caguas,Puerto Rico,XXXXXXXXX,Tammy,6398,Smith,XXXXXXXXX,Consumer,PR,7370 Sleepy Way,725,5,Golf,18.26378822,-66.37052918,LATAM,Buenos Aires,Argentina,6398,2/7/2017 9:47,52640,502,62.5,0.25,131577,50,0.280000001,5,250,187.5,52.5,South America,Buenos Aires,PENDING,,502,24,,http://images.acmesports.sports/Nike+Men%27s+Dri-FIT+Victory+Golf+Polo,Nike Men's Dri-FIT Victory Golf Polo,50,0,2/13/2017 9:47,Standard Class
TRANSFER,3,4,91.87999725,187.5,Advance shipping,0,24,Women's Apparel,Caguas,Puerto Rico,XXXXXXXXX,Mary,3375,Sanchez,XXXXXXXXX,Consumer,PR,6174 Wishing Front,725,5,Golf,18.20664215,-66.37052918,LATAM,Quixadá,Brasil,3375,5/27/2015 1:32,10007,502,62.5,0.25,24992,50,0.49000001,5,250,187.5,91.87999725,South America,Ceará,PENDING,,502,24,,http://images.acmesports.sports/Nike+Men%27s+Dri-FIT+Victory+Golf+Polo,Nike Men's Dri-FIT Victory Golf Polo,50,0,5/30/2015 1:32,Standard Class
TRANSFER,5,4,29.69000053,237.5500031,Late delivery,1,37,Electronics,Caguas,Puerto Rico,XXXXXXXXX,Melissa,1339,Mack,XXXXXXXXX,Consumer,PR,9447 Dusty Gate Centre,725,6,Outdoors,18.27825165,-66.37059784,LATAM,Mejicanos,El Salvador,1339,3/28/2017 5:20,55984,818,2.400000095,0.01,139976,47.99000168,0.129999995,5,239.9499969,237.5500031,29.69000053,Central America,San Salvador,PENDING,,818,37,,http://images.acmesports.sports/Titleist+Pro+V1x+Golf+Balls,Titleist Pro V1x Golf Balls,47.99000168,0,4/2/2017 5:20,Standard Class
TRANSFER,4,4,73.69999695,153.5500031,Shipping on time,0,37,Electronics,Caguas,Puerto Rico,XXXXXXXXX,Alexander,6543,Smith,XXXXXXXXX,Consumer,PR,7958 Thunder Apple Street,725,6,Outdoors,18.27920532,-66.37055206,LATAM,Tepic,Mexico,6543,2/5/2017 1:01,52478,825,6.400000095,0.039999999,131164,31.98999977,0.479999989,5,159.9499969,153.5500031,73.69999695,Central America,Nayarit,PENDING,,825,37,,http://images.acmesports.sports/Bridgestone+e6+Straight+Distance+NFL+Tennessee+Titans+Golf...,Bridgestone e6 Straight Distance NFL Tennesse,31.98999977,0,2/9/2017 1:01,Standard Class
TRANSFER,6,4,-79.19000244,395.9599915,Late delivery,1,38,Kids' Golf Clubs,Guayama,Puerto Rico,XXXXXXXXX,Sandra,3990,Smith,XXXXXXXXX,Consumer,PR,6496 Harvest Highlands,784,6,Outdoors,17.98249054,-66.1126709,LATAM,Mixco,Guatemala,3990,5/2/2017 3:00,58375,306,53.99000168,0.119999997,146090,89.98999786,-0.200000003,5,449.9500122,395.9599915,-79.19000244,Central America,Guatemala,PENDING,,306,38,,http://images.acmesports.sports/Polar+FT4+Heart+Rate+Monitor,Polar FT4 Heart Rate Monitor,89.98999786,0,5/8/2017 3:00,Standard Class
TRANSFER,4,4,34.84999847,124.4599991,Shipping on time,0,44,Hunting & Shooting,Caguas,Puerto Rico,XXXXXXXXX,Mary,7247,Smith,XXXXXXXXX,Consumer,PR,6401 Shady Embers Farms,725,7,Fan Shop,18.22776032,-66.37059021,LATAM,Nueva Gerona,Cuba,7247,4/3/2017 23:53,56448,977,25.48999977,0.170000002,141192,29.98999977,0.280000001,5,149.9499969,124.4599991,34.84999847,Caribbean,Isla de la Juventud,PENDING,,977,44,,http://images.acmesports.sports/ENO+Atlas+Hammock+Straps,ENO Atlas Hammock Straps,29.98999977,0,4/7/2017 23:53,Standard Class
TRANSFER,2,4,74.08999634,284.9500122,Advance shipping,0,3,Baseball & Softball,Caguas,Puerto Rico,XXXXXXXXX,Maria,1273,Evans,XXXXXXXXX,Consumer,PR,595 Indian Path,725,2,Fitness,18.2362442,-66.37062073,LATAM,Buenos Aires,Argentina,1273,4/30/2015 23:49,8221,44,15,0.050000001,20537,59.99000168,0.25999999,5,299.9500122,284.9500122,74.08999634,South America,Buenos Aires,PROCESSING,,44,3,,http://images.acmesports.sports/adidas+Men%27s+F10+Messi+TRX+FG+Soccer+Cleat,adidas Men's F10 Messi TRX FG Soccer Cleat,59.99000168,0,5/2/2015 23:49,Standard Class
TRANSFER,5,4,149.9900055,499.9500122,Late delivery,1,9,Cardio Equipment,Caguas,Puerto Rico,XXXXXXXXX,Eugene,6277,Smith,XXXXXXXXX,Consumer,PR,1820 Noble Elk Harbour,725,3,Footwear,18.21949196,-66.37052918,LATAM,Chimaltenango,Guatemala,6277,4/27/2017 3:32,58034,191,0,0,145203,99.98999786,0.300000012,5,499.9500122,499.9500122,149.9900055,Central America,Chimaltenango,PROCESSING,,191,9,,http://images.acmesports.sports/Nike+Men%27s+Free+5.0%2B+Running+Shoe,Nike Men's Free 5.0+ Running Shoe,99.98999786,0,5/2/2017 3:32,Standard Class
TRANSFER,4,4,-18.80999947,494.9500122,Shipping on time,0,9,Cardio Equipment,Caguas,Puerto Rico,XXXXXXXXX,James,7701,Lawson,XXXXXXXXX,Consumer,PR,1577 Green Vista,725,3,Footwear,18.25289154,-66.37058258,LATAM,Villa Nueva,Guatemala,7701,2/2/2015 3:27,2203,191,5,0.01,5525,99.98999786,-0.039999999,5,499.9500122,494.9500122,-18.80999947,Central America,Guatemala,PROCESSING,,191,9,,http://images.acmesports.sports/Nike+Men%27s+Free+5.0%2B+Running+Shoe,Nike Men's Free 5.0+ Running Shoe,99.98999786,0,2/6/2015 3:27,Standard Class
TRANSFER,5,4,140.6399994,484.9500122,Late delivery,1,9,Cardio Equipment,Caguas,Puerto Rico,XXXXXXXXX,John,4126,Stokes,XXXXXXXXX,Consumer,PR,9920 Little Lane,725,3,Footwear,18.22985077,-66.37062073,LATAM,Quito,Ecuador,4126,2/13/2017 16:05,53069,191,15,0.029999999,132642,99.98999786,0.289999992,5,499.9500122,484.9500122,140.6399994,South America,Pichincha,PROCESSING,,191,9,,http://images.acmesports.sports/Nike+Men%27s+Free+5.0%2B+Running+Shoe,Nike Men's Free 5.0+ Running Shoe,99.98999786,0,2/18/2017 16:05,Standard Class
TRANSFER,2,4,36,479.9500122,Advance shipping,0,9,Cardio Equipment,Caguas,Puerto Rico,XXXXXXXXX,Mary,9528,Flores,XXXXXXXXX,Consumer,PR,3089 Gentle Horse Chase,725,3,Footwear,18.22190094,-66.37052155,LATAM,Managua,Nicaragua,9528,5/27/2017 23:28,60146,191,20,0.039999999,150522,99.98999786,0.079999998,5,499.9500122,479.9500122,36,Central America,Managua,PROCESSING,,191,9,,http://images.acmesports.sports/Nike+Men%27s+Free+5.0%2B+Running+Shoe,Nike Men's Free 5.0+ Running Shoe,99.98999786,0,5/29/2017 23:28,Standard Class
TRANSFER,5,4,179.9799957,479.9500122,Late delivery,1,9,Cardio Equipment,Caguas,Puerto Rico,XXXXXXXXX,Mary,1853,Austin,XXXXXXXXX,Consumer,PR,4090 Colonial End,725,3,Footwear,18.26019096,-66.37052918,LATAM,Valle de La Pascua,Venezuela,1853,3/19/2017 19:53,55409,191,20,0.039999999,138585,99.98999786,0.379999995,5,499.9500122,479.9500122,179.9799957,South America,Guárico,PROCESSING,,191,9,,http://images.acmesports.sports/Nike+Men%27s+Free+5.0%2B+Running+Shoe,Nike Men's Free 5.0+ Running Shoe,99.98999786,0,3/24/2017 19:53,Standard Class
TRANSFER,4,4,-783.6699829,474.9500122,Shipping on time,0,9,Cardio Equipment,Caguas,Puerto Rico,XXXXXXXXX,Roy,11149,Smith,XXXXXXXXX,Consumer,PR,4601 Amber Grove Hollow,725,3,Footwear,18.28128624,-66.37050629,LATAM,San Miguelito,Panamá,11149,5/7/2015 15:56,8678,191,25,0.050000001,21674,99.98999786,-1.649999976,5,499.9500122,474.9500122,-783.6699829,Central America,Panamá,PROCESSING,,191,9,,http://images.acmesports.sports/Nike+Men%27s+Free+5.0%2B+Running+Shoe,Nike Men's Free 5.0+ Running Shoe,99.98999786,0,5/11/2015 15:56,Standard Class
TRANSFER,6,4,199.4799957,474.9500122,Late delivery,1,9,Cardio Equipment,Caguas,Puerto Rico,XXXXXXXXX,Katherine,5828,Oconnell,XXXXXXXXX,Consumer,PR,2127 Middle Goose Mews,725,3,Footwear,18.21101761,-66.37052918,LATAM,San Miguelito,Panamá,5828,4/27/2015 11:23,7980,191,25,0.050000001,19945,99.98999786,0.419999987,5,499.9500122,474.9500122,199.4799957,Central America,Panamá,PROCESSING,,191,9,,http://images.acmesports.sports/Nike+Men%27s+Free+5.0%2B+Running+Shoe,Nike Men's Free 5.0+ Running Shoe,99.98999786,0,5/3/2015 11:23,Standard Class
TRANSFER,6,4,-269.9700012,449.9599915,Late delivery,1,9,Cardio Equipment,Caguas,Puerto Rico,XXXXXXXXX,Mary,6887,Smith,XXXXXXXXX,Consumer,PR,8840 Harvest Towers,725,3,Footwear,18.22019768,-66.37058258,LATAM,Petapa,Guatemala,6887,4/14/2017 18:06,57185,191,50,0.100000001,143043,99.98999786,-0.600000024,5,499.9500122,449.9599915,-269.9700012,Central America,Guatemala,PROCESSING,,191,9,,http://images.acmesports.sports/Nike+Men%27s+Free+5.0%2B+Running+Shoe,Nike Men's Free 5.0+ Running Shoe,99.98999786,0,4/20/2017 18:06,Standard Class
TRANSFER,2,4,-22.5,449.9599915,Advance shipping,0,9,Cardio Equipment,Caguas,Puerto Rico,XXXXXXXXX,Janet,4781,Smith,XXXXXXXXX,Consumer,PR,8617 Cinder Mountain Forest,725,3,Footwear,18.25534058,-66.37050629,LATAM,Cotia,Brasil,4781,5/7/2015 1:13,8636,191,50,0.100000001,21551,99.98999786,-0.050000001,5,499.9500122,449.9599915,-22.5,South America,São Paulo,PROCESSING,,191,9,,http://images.acmesports.sports/Nike+Men%27s+Free+5.0%2B+Running+Shoe,Nike Men's Free 5.0+ Running Shoe,99.98999786,0,5/9/2015 1:13,Standard Class
TRANSFER,3,4,59.06000137,337.4599915,Advance shipping,0,12,Boxing & MMA,Caguas,Puerto Rico,XXXXXXXXX,Mary,10668,Smith,XXXXXXXXX,Consumer,PR,5087 Crystal Hills Manor,725,3,Footwear,18.23215866,-66.37059021,LATAM,Itapecuru Mirim,Brasil,10668,6/12/2017 5:55,61192,251,112.4899979,0.25,153077,89.98999786,0.180000007,5,449.9500122,337.4599915,59.06000137,South America,Marañón,PROCESSING,,251,12,,http://images.acmesports.sports/Brooks+Women%27s+Ghost+6+Running+Shoe,Brooks Women's Ghost 6 Running Shoe,89.98999786,0,6/15/2017 5:55,Standard Class
TRANSFER,2,4,140.9799957,299.9500122,Advance shipping,0,17,Cleats,Caguas,Puerto Rico,XXXXXXXXX,Mary,5421,Carlson,XXXXXXXXX,Consumer,PR,1548 Lazy Place,725,4,Apparel,18.20737648,-66.37055206,LATAM,León,Nicaragua,5421,3/26/2017 15:30,55876,365,0,0,139714,59.99000168,0.469999999,5,299.9500122,299.9500122,140.9799957,Central America,León,PROCESSING,,365,17,,http://images.acmesports.sports/Perfect+Fitness+Perfect+Rip+Deck,Perfect Fitness Perfect Rip Deck,59.99000168,0,3/28/2017 15:30,Standard Class
TRANSFER,2,4,81.66000366,296.9500122,Advance shipping,0,17,Cleats,Caguas,Puerto Rico,XXXXXXXXX,Nicole,10200,Smith,XXXXXXXXX,Consumer,PR,9009 Merry Nectar Heights,725,4,Apparel,18.27331543,-66.37060547,LATAM,Tlalpan,Mexico,10200,2/17/2017 11:52,53331,365,3,0.01,133251,59.99000168,0.280000001,5,299.9500122,296.9500122,81.66000366,Central America,Distrito Federal,PROCESSING,,365,17,,http://images.acmesports.sports/Perfect+Fitness+Perfect+Rip+Deck,Perfect Fitness Perfect Rip Deck,59.99000168,0,2/19/2017 11:52,Standard Class
TRANSFER,6,4,18.40999985,296.9500122,Late delivery,1,17,Cleats,Caguas,Puerto Rico,XXXXXXXXX,Sharon,11254,Smith,XXXXXXXXX,Consumer,PR,4316 Misty Way,725,4,Apparel,18.2626648,-66.3706131,LATAM,Apopa,El Salvador,11254,1/25/2017 1:13,51725,365,3,0.01,129241,59.99000168,0.059999999,5,299.9500122,296.9500122,18.40999985,Central America,San Salvador,PROCESSING,,365,17,,http://images.acmesports.sports/Perfect+Fitness+Perfect+Rip+Deck,Perfect Fitness Perfect Rip Deck,59.99000168,0,1/31/2017 1:13,Standard Class
TRANSFER,3,4,33.22000122,293.9500122,Advance shipping,0,17,Cleats,Caguas,Puerto Rico,XXXXXXXXX,Mary,11106,Navarro,XXXXXXXXX,Consumer,PR,6324 Lazy Lane,725,4,Apparel,18.26016426,-66.37059021,LATAM,Cipolletti,Argentina,11106,2/6/2017 6:27,52562,365,6,0.02,131382,59.99000168,0.109999999,5,299.9500122,293.9500122,33.22000122,South America,Río Negro,PROCESSING,,365,17,,http://images.acmesports.sports/Perfect+Fitness+Perfect+Rip+Deck,Perfect Fitness Perfect Rip Deck,59.99000168,0,2/9/2017 6:27,Standard Class
TRANSFER,5,4,25.30999947,290.9500122,Late delivery,1,17,Cleats,Caguas,Puerto Rico,XXXXXXXXX,Mary,8456,Smith,XXXXXXXXX,Consumer,PR,9198 Rocky Run,725,4,Apparel,18.24535179,-66.37059784,LATAM,Mejicanos,El Salvador,8456,5/22/2017 6:08,59754,365,9,0.029999999,149532,59.99000168,0.090000004,5,299.9500122,290.9500122,25.30999947,Central America,San Salvador,PROCESSING,,365,17,,http://images.acmesports.sports/Perfect+Fitness+Perfect+Rip+Deck,Perfect Fitness Perfect Rip Deck,59.99000168,0,5/27/2017 6:08,Standard Class
TRANSFER,5,4,-239.8600006,287.9500122,Late delivery,1,17,Cleats,Caguas,Puerto Rico,XXXXXXXXX,Matthew,6149,Bush,XXXXXXXXX,Consumer,PR,5736 Heather Byway,725,4,Apparel,18.21775055,-66.37060547,LATAM,La Ceiba,Honduras,6149,2/21/2017 1:00,53574,365,12,0.039999999,133893,59.99000168,-0.829999983,5,299.9500122,287.9500122,-239.8600006,Central America,Atlántida,PROCESSING,,365,17,,http://images.acmesports.sports/Perfect+Fitness+Perfect+Rip+Deck,Perfect Fitness Perfect Rip Deck,59.99000168,0,2/26/2017 1:00,Standard Class
TRANSFER,5,4,-155.8999939,283.4500122,Late delivery,1,17,Cleats,Caguas,Puerto Rico,XXXXXXXXX,Anthony,1473,Young,XXXXXXXXX,Consumer,PR,7334 Umber Expressway,725,4,Apparel,18.29214859,-66.3706131,LATAM,Córdoba,Mexico,1473,1/6/2015 19:26,399,365,16.5,0.059999999,989,59.99000168,-0.550000012,5,299.9500122,283.4500122,-155.8999939,Central America,Veracruz,PROCESSING,,365,17,,http://images.acmesports.sports/Perfect+Fitness+Perfect+Rip+Deck,Perfect Fitness Perfect Rip Deck,59.99000168,0,1/11/2015 19:26,Standard Class
DEBIT,6,2,40.02000046,86.98999786,Late delivery,1,9,Cardio Equipment,Caguas,Puerto Rico,XXXXXXXXX,Jerry,1840,Smith,XXXXXXXXX,Consumer,PR,427 Grand Branch Hill,725,3,Footwear,18.26737404,-66.37062836,Africa,Kuito,Angola,1840,1/15/2017 4:44,51050,191,13,0.129999995,127587,99.98999786,0.460000008,1,99.98999786,86.98999786,40.02000046,Central Africa,Bié,ON_HOLD,,191,9,,http://images.acmesports.sports/Nike+Men%27s+Free+5.0%2B+Running+Shoe,Nike Men's Free 5.0+ Running Shoe,99.98999786,0,1/21/2017 4:44,Second Class
DEBIT,6,2,44.59000015,127.3899994,Late delivery,1,18,Men's Footwear,Caguas,Puerto Rico,XXXXXXXXX,Mary,6757,Freeman,XXXXXXXXX,Consumer,PR,2035 Lazy Diversion,725,4,Apparel,18.29659462,-66.37059021,Africa,Jartum,Sudán,6757,10/28/2016 19:23,45680,403,2.599999905,0.02,114171,129.9900055,0.349999994,1,129.9900055,127.3899994,44.59000015,North Africa,Jartum,ON_HOLD,,403,18,,http://images.acmesports.sports/Nike+Men%27s+CJ+Elite+2+TD+Football+Cleat,Nike Men's CJ Elite 2 TD Football Cleat,129.9900055,0,11/3/2016 19:23,Second Class
DEBIT,3,2,57.95999908,118.2900009,Late delivery,1,18,Men's Footwear,Caguas,Puerto Rico,XXXXXXXXX,Laura,3972,Bennett,XXXXXXXXX,Consumer,PR,4520 Grand Port,725,4,Apparel,18.27468491,-66.37056732,Africa,Hargeysa,Somalia,3972,9/19/2016 13:39,42992,403,11.69999981,0.090000004,107395,129.9900055,0.49000001,1,129.9900055,118.2900009,57.95999908,East Africa,Gobolka Woqooyi Galbeed,ON_HOLD,,403,18,,http://images.acmesports.sports/Nike+Men%27s+CJ+Elite+2+TD+Football+Cleat,Nike Men's CJ Elite 2 TD Football Cleat,129.9900055,0,9/22/2016 13:39,Second Class
DEBIT,5,2,30.42000008,116.9899979,Late delivery,1,18,Men's Footwear,Caguas,Puerto Rico,XXXXXXXXX,Megan,9316,Sanders,XXXXXXXXX,Consumer,PR,7489 Green End,725,4,Apparel,18.21944618,-66.37057495,Africa,Kenitra,Marruecos,9316,8/25/2016 22:16,41304,403,13,0.100000001,103114,129.9900055,0.25999999,1,129.9900055,116.9899979,30.42000008,North Africa,Garb-Chrarda-Beni Hsen,ON_HOLD,,403,18,,http://images.acmesports.sports/Nike+Men%27s+CJ+Elite+2+TD+Football+Cleat,Nike Men's CJ Elite 2 TD Football Cleat,129.9900055,0,8/30/2016 22:16,Second Class
DEBIT,6,2,24.60000038,49.18999863,Late delivery,1,17,Cleats,Caguas,Puerto Rico,XXXXXXXXX,Mary,6757,Freeman,XXXXXXXXX,Consumer,PR,2035 Lazy Diversion,725,4,Apparel,18.29659462,-66.37059021,Africa,Jartum,Sudán,6757,10/28/2016 19:23,45680,365,10.80000019,0.180000007,114173,59.99000168,0.5,1,59.99000168,49.18999863,24.60000038,North Africa,Jartum,ON_HOLD,,365,17,,http://images.acmesports.sports/Perfect+Fitness+Perfect+Rip+Deck,Perfect Fitness Perfect Rip Deck,59.99000168,0,11/3/2016 19:23,Second Class
DEBIT,4,2,48.88000107,103.9899979,Late delivery,1,18,Men's Footwear,Caguas,Puerto Rico,XXXXXXXXX,Mary,11213,Black,XXXXXXXXX,Consumer,PR,620 Thunder Creek Towers,725,4,Apparel,18.23975563,-66.37059021,Africa,Abidjan,Costa de Marfil,11213,10/7/2016 23:26,44253,403,26,0.200000003,110494,129.9900055,0.469999999,1,129.9900055,103.9899979,48.88000107,West Africa,Lagunes,ON_HOLD,,403,18,,http://images.acmesports.sports/Nike+Men%27s+CJ+Elite+2+TD+Football+Cleat,Nike Men's CJ Elite 2 TD Football Cleat,129.9900055,0,10/11/2016 23:26,Second Class
DEBIT,4,2,0,296.980011,Late delivery,1,43,Camping & Hiking,Caguas,Puerto Rico,XXXXXXXXX,Jack,3474,Hatfield,XXXXXXXXX,Consumer,PR,555 Lazy Robin Freeway,725,7,Fan Shop,18.2643261,-66.37060547,Africa,Abu Kabir,Egipto,3474,11/3/2016 21:49,46098,957,3,0.01,115235,299.980011,0,1,299.980011,296.980011,0,North Africa,Ash Sharqiyah,ON_HOLD,,957,43,,http://images.acmesports.sports/Diamondback+Women%27s+Serene+Classic+Comfort+Bike+2014,Diamondback Women's Serene Classic Comfort Bi,299.980011,0,11/7/2016 21:49,Second Class
DEBIT,5,2,95.54000092,293.980011,Late delivery,1,43,Camping & Hiking,Caguas,Puerto Rico,XXXXXXXXX,Megan,9316,Sanders,XXXXXXXXX,Consumer,PR,7489 Green End,725,7,Fan Shop,18.21944618,-66.37057495,Africa,Kenitra,Marruecos,9316,8/25/2016 22:16,41304,957,6,0.02,103115,299.980011,0.330000013,1,299.980011,293.980011,95.54000092,North Africa,Garb-Chrarda-Beni Hsen,ON_HOLD,,957,43,,http://images.acmesports.sports/Diamondback+Women%27s+Serene+Classic+Comfort+Bike+2014,Diamondback Women's Serene Classic Comfort Bi,299.980011,0,8/30/2016 22:16,Second Class
DEBIT,3,2,-50.58000183,252.8800049,Late delivery,1,65,Consumer Electronics,Caguas,Puerto Rico,XXXXXXXXX,Kirestin,14630,Barr,XXXXXXXXX,Consumer,PR,4722 Round Embers Falls,725,10,Technology,18.27085495,-66.03705597,Europe,Perugia,Italia,14630,11/3/2017 13:05,71077,1352,0,0,174392,252.8800049,-0.200000003,1,252.8800049,252.8800049,-50.58000183,Southern Europe,Umbría,COMPLETE,,1352,65,,http://images.acmesports.sports/Industrial+consumer+electronics,Industrial consumer electronics,252.8800049,0,11/6/2017 13:05,Second Class
DEBIT,4,2,120.8300018,447.519989,Late delivery,1,62,Cameras ,Caguas,Puerto Rico,XXXXXXXXX,Nora,13256,Downs,XXXXXXXXX,Consumer,PR,1836 Cozy View Orchard,725,10,Technology,18.23665237,-66.0370636,Europe,Nuremberg,Alemania,13256,10/14/2017 11:42,69703,1349,4.519999981,0.01,173018,452.0400085,0.270000011,1,452.0400085,447.519989,120.8300018,Western Europe,Bavaria,COMPLETE,,1349,62,,http://images.acmesports.sports/Web+Camera,Web Camera,452.0400085,0,10/18/2017 11:42,Second Class
DEBIT,3,2,25.04000092,250.3500061,Late delivery,1,65,Consumer Electronics,Caguas,Puerto Rico,XXXXXXXXX,Jennifer,14665,Stokes,XXXXXXXXX,Consumer,PR,5257 Umber Field,725,10,Technology,18.28206062,-66.03705597,Europe,Reims,Francia,14665,11/4/2017 1:21,71112,1352,2.529999971,0.01,174427,252.8800049,0.100000001,1,252.8800049,250.3500061,25.04000092,Western Europe,Alsacia-Champaña-Ardenas-Lorena,COMPLETE,,1352,65,,http://images.acmesports.sports/Industrial+consumer+electronics,Industrial consumer electronics,252.8800049,0,11/7/2017 1:21,Second Class
DEBIT,6,2,212.6399994,443,Late delivery,1,62,Cameras ,Caguas,Puerto Rico,XXXXXXXXX,Madonna,13363,Ingram,XXXXXXXXX,Consumer,PR,9079 Dewy Deer Harbour,725,10,Technology,18.21524239,-66.03705597,Europe,Halle,Alemania,13363,10/16/2017 1:12,69810,1349,9.039999962,0.02,173125,452.0400085,0.479999989,1,452.0400085,443,212.6399994,Western Europe,Sajonia-Anhalt,COMPLETE,,1349,62,,http://images.acmesports.sports/Web+Camera,Web Camera,452.0400085,0,10/22/2017 1:12,Second Class
DEBIT,3,2,68.68000031,245.2899933,Late delivery,1,65,Consumer Electronics,Caguas,Puerto Rico,XXXXXXXXX,Noelani,14645,Hyde,XXXXXXXXX,Consumer,PR,1284 High Apple Highlands,725,10,Technology,18.25598526,-66.03705597,Europe,Bremerhaven,Alemania,14645,11/3/2017 18:20,71092,1352,7.590000153,0.029999999,174407,252.8800049,0.280000001,1,252.8800049,245.2899933,68.68000031,Western Europe,Bremen,COMPLETE,,1352,65,,http://images.acmesports.sports/Industrial+consumer+electronics,Industrial consumer electronics,252.8800049,0,11/6/2017 18:20,Second Class
DEBIT,6,2,135.8300018,433.9599915,Late delivery,1,62,Cameras ,Caguas,Puerto Rico,XXXXXXXXX,Sydnee,13163,Nolan,XXXXXXXXX,Consumer,PR,9816 Grand Hills Knoll,725,10,Technology,18.28172112,-66.03705597,Europe,Portici,Italia,13163,10/13/2017 3:08,69610,1349,18.07999992,0.039999999,172925,452.0400085,0.310000002,1,452.0400085,433.9599915,135.8300018,Southern Europe,Campania,COMPLETE,,1349,62,,http://images.acmesports.sports/Web+Camera,Web Camera,452.0400085,0,10/19/2017 3:08,Second Class
DEBIT,6,2,78.08000183,240.2400055,Late delivery,1,65,Consumer Electronics,Caguas,Puerto Rico,XXXXXXXXX,Willa,14553,Potter,XXXXXXXXX,Consumer,PR,5301 Blue Street,725,10,Technology,18.23458481,-66.03705597,Europe,Bielefeld,Alemania,14553,11/2/2017 10:06,71000,1352,12.64000034,0.050000001,174315,252.8800049,0.330000013,1,252.8800049,240.2400055,78.08000183,Western Europe,Renania del Norte-Westfalia,COMPLETE,,1352,65,,http://images.acmesports.sports/Industrial+consumer+electronics,Industrial consumer electronics,252.8800049,0,11/8/2017 10:06,Second Class
DEBIT,5,2,595.3499756,1417.5,Late delivery,1,64,Computers,Caguas,Puerto Rico,XXXXXXXXX,Alma,14287,Delgado,XXXXXXXXX,Consumer,PR,7274 Middle Wynd,725,10,Technology,18.25249672,-66.03704834,Europe,London,Reino Unido,14287,10/29/2017 12:55,70734,1351,82.5,0.059999999,174049,1500,0.419999987,1,1500,1417.5,595.3499756,Northern Europe,Inglaterra,COMPLETE,,1351,64,,http://images.acmesports.sports/Dell+Laptop,Dell Laptop,1500,0,11/3/2017 12:55,Second Class
DEBIT,2,2,21.36000061,427.1799927,Shipping on time,0,62,Cameras ,Caguas,Puerto Rico,XXXXXXXXX,Ila,13179,Knight,XXXXXXXXX,Consumer,PR,2668 Velvet Row ,725,10,Technology,18.25508499,-66.03705597,Europe,Drancy,Francia,13179,10/13/2017 8:44,69626,1349,24.86000061,0.059999999,172941,452.0400085,0.050000001,1,452.0400085,427.1799927,21.36000061,Western Europe,Isla de Francia,COMPLETE,,1349,62,,http://images.acmesports.sports/Web+Camera,Web Camera,452.0400085,0,10/15/2017 8:44,Second Class
DEBIT,3,2,213.5899963,427.1799927,Late delivery,1,62,Cameras ,Caguas,Puerto Rico,XXXXXXXXX,Belle,13035,Booker,XXXXXXXXX,Consumer,PR,567 Fallen Pines ,725,10,Technology,18.28042221,-66.0370636,Europe,Duisburg,Alemania,13035,10/11/2017 6:17,69482,1349,24.86000061,0.059999999,172797,452.0400085,0.5,1,452.0400085,427.1799927,213.5899963,Western Europe,Renania del Norte-Westfalia,COMPLETE,,1349,62,,http://images.acmesports.sports/Web+Camera,Web Camera,452.0400085,0,10/14/2017 6:17,Second Class
DEBIT,5,2,55.79999924,1395,Late delivery,1,64,Computers,Caguas,Puerto Rico,XXXXXXXXX,Alyssa,14322,Contreras,XXXXXXXXX,Consumer,PR,9870 Little Hickory Loop,725,10,Technology,18.23288918,-66.0370636,Europe,Bradford,Reino Unido,14322,10/30/2017 1:10,70769,1351,105,0.07,174084,1500,0.039999999,1,1500,1395,55.79999924,Northern Europe,Inglaterra,COMPLETE,,1351,64,,http://images.acmesports.sports/Dell+Laptop,Dell Laptop,1500,0,11/4/2017 1:10,Second Class
DEBIT,4,2,126.1200027,420.3999939,Late delivery,1,62,Cameras ,Caguas,Puerto Rico,XXXXXXXXX,Lani,13196,Nash,XXXXXXXXX,Consumer,PR,5763 Green Crossing ,725,10,Technology,18.22864342,-66.0370636,Europe,Agrigento,Italia,13196,10/13/2017 14:41,69643,1349,31.63999939,0.07,172958,452.0400085,0.300000012,1,452.0400085,420.3999939,126.1200027,Southern Europe,Sicilia,COMPLETE,,1349,62,,http://images.acmesports.sports/Web+Camera,Web Camera,452.0400085,0,10/17/2017 14:41,Second Class
DEBIT,2,2,6.900000095,230.1199951,Shipping on time,0,65,Consumer Electronics,Caguas,Puerto Rico,XXXXXXXXX,Demetria,14604,Jarvis,XXXXXXXXX,Consumer,PR,4854 Tawny Cove,725,10,Technology,18.29532433,-66.03705597,Europe,Oldham,Reino Unido,14604,11/3/2017 3:58,71051,1352,22.76000023,0.090000004,174366,252.8800049,0.029999999,1,252.8800049,230.1199951,6.900000095,Northern Europe,Inglaterra,COMPLETE,,1352,65,,http://images.acmesports.sports/Industrial+consumer+electronics,Industrial consumer electronics,252.8800049,0,11/5/2017 3:58,Second Class
DEBIT,4,2,-277.6700134,411.3599854,Late delivery,1,62,Cameras ,Caguas,Puerto Rico,XXXXXXXXX,Joan,12961,Nixon,XXXXXXXXX,Consumer,PR,8297 Golden Green ,725,10,Technology,18.24217796,-66.0370636,Europe,Palermo,Italia,12961,10/10/2017 4:21,69408,1349,40.68000031,0.090000004,172723,452.0400085,-0.680000007,1,452.0400085,411.3599854,-277.6700134,Southern Europe,Sicilia,COMPLETE,,1349,62,,http://images.acmesports.sports/Web+Camera,Web Camera,452.0400085,0,10/14/2017 4:21,Second Class
DEBIT,4,2,105.8600006,230.1199951,Late delivery,1,65,Consumer Electronics,Caguas,Puerto Rico,XXXXXXXXX,Gay,14676,Harper,XXXXXXXXX,Consumer,PR,7293 Lazy Hill,725,10,Technology,18.25569725,-66.0370636,Europe,Madrid,España,14676,11/4/2017 5:12,71123,1352,22.76000023,0.090000004,174438,252.8800049,0.460000008,1,252.8800049,230.1199951,105.8600006,Southern Europe,Madrid,COMPLETE,,1352,65,,http://images.acmesports.sports/Industrial+consumer+electronics,Industrial consumer electronics,252.8800049,0,11/8/2017 5:12,Second Class
DEBIT,5,2,86,1365,Late delivery,1,64,Computers,Caguas,Puerto Rico,XXXXXXXXX,Audrey,14087,Acosta,XXXXXXXXX,Consumer,PR,8967 Sleepy Lane,725,10,Technology,18.26639938,-66.0370636,Europe,Nancy,Francia,14087,10/26/2017 14:51,70534,1351,135,0.090000004,173849,1500,0.059999999,1,1500,1365,86,Western Europe,Alsacia-Champaña-Ardenas-Lorena,COMPLETE,,1351,64,,http://images.acmesports.sports/Dell+Laptop,Dell Laptop,1500,0,10/31/2017 14:51,Second Class
DEBIT,2,2,195.2799988,406.8399963,Shipping on time,0,62,Cameras ,Caguas,Puerto Rico,XXXXXXXXX,Riley,13194,Jones,XXXXXXXXX,Consumer,PR,6370 Emerald Row ,725,10,Technology,18.23524284,-66.03705597,Europe,Girona,España,13194,10/13/2017 13:59,69641,1349,45.20000076,0.100000001,172956,452.0400085,0.479999989,1,452.0400085,406.8399963,195.2799988,Southern Europe,Cataluña,COMPLETE,,1349,62,,http://images.acmesports.sports/Web+Camera,Web Camera,452.0400085,0,10/15/2017 13:59,Second Class
DEBIT,6,2,22.76000023,227.5899963,Late delivery,1,65,Consumer Electronics,Caguas,Puerto Rico,XXXXXXXXX,Imani,14513,Kelly,XXXXXXXXX,Consumer,PR,3065 Foggy Horse Port,725,10,Technology,18.25786781,-66.03705597,Europe,Laon,Francia,14513,11/1/2017 20:05,70960,1352,25.29000092,0.100000001,174275,252.8800049,0.100000001,1,252.8800049,227.5899963,22.76000023,Western Europe,Norte-Paso de Calais-Picardía,COMPLETE,,1352,65,,http://images.acmesports.sports/Industrial+consumer+electronics,Industrial consumer electronics,252.8800049,0,11/7/2017 20:05,Second Class
DEBIT,4,2,180.5899963,384.230011,Late delivery,1,62,Cameras ,Caguas,Puerto Rico,XXXXXXXXX,Mechelle,13461,Parker,XXXXXXXXX,Consumer,PR,1393 Umber Sky Estates,725,10,Technology,18.22337914,-66.03705597,Europe,Hartlepool,Reino Unido,13461,10/17/2017 11:32,69908,1349,67.80999756,0.150000006,173223,452.0400085,0.469999999,1,452.0400085,384.230011,180.5899963,Northern Europe,Inglaterra,COMPLETE,,1349,62,,http://images.acmesports.sports/Web+Camera,Web Camera,452.0400085,0,10/21/2017 11:32,Second Class
DEBIT,3,2,101.0299988,214.9499969,Late delivery,1,65,Consumer Electronics,Caguas,Puerto Rico,XXXXXXXXX,Imani,14510,Castaneda,XXXXXXXXX,Consumer,PR,5493 Burning Horse Heath,725,10,Technology,18.23107529,-66.03705597,Europe,Pontault-Combault,Francia,14510,11/1/2017 19:02,70957,1352,37.93000031,0.150000006,174272,252.8800049,0.469999999,1,252.8800049,214.9499969,101.0299988,Western Europe,Isla de Francia,COMPLETE,,1352,65,,http://images.acmesports.sports/Industrial+consumer+electronics,Industrial consumer electronics,252.8800049,0,11/4/2017 19:02,Second Class
DEBIT,3,2,118.8499985,379.7099915,Late delivery,1,62,Cameras ,Caguas,Puerto Rico,XXXXXXXXX,Whitney,13190,Henderson,XXXXXXXXX,Consumer,PR,529 Blue Grove Rise,725,10,Technology,18.26862907,-66.03705597,Europe,La Rochelle,Francia,13190,10/13/2017 12:35,69637,1349,72.33000183,0.159999996,172952,452.0400085,0.310000002,1,452.0400085,379.7099915,118.8499985,Western Europe,Aquitania-Lemosín-Poitou-Charentes,COMPLETE,,1349,62,,http://images.acmesports.sports/Web+Camera,Web Camera,452.0400085,0,10/16/2017 12:35,Second Class
DEBIT,6,2,60.86999893,209.8899994,Late delivery,1,65,Consumer Electronics,Caguas,Puerto Rico,XXXXXXXXX,Roanna,14508,Martin,XXXXXXXXX,Consumer,PR,4462 Little Lagoon Route,725,10,Technology,18.22708893,-66.0370636,Europe,Edinburgh,Reino Unido,14508,11/1/2017 18:20,70955,1352,42.99000168,0.170000002,174270,252.8800049,0.289999992,1,252.8800049,209.8899994,60.86999893,Northern Europe,Escocia,COMPLETE,,1352,65,,http://images.acmesports.sports/Industrial+consumer+electronics,Industrial consumer electronics,252.8800049,0,11/7/2017 18:20,Second Class
DEBIT,5,2,73.45999908,209.8899994,Late delivery,1,65,Consumer Electronics,Caguas,Puerto Rico,XXXXXXXXX,Vivian,14472,Hays,XXXXXXXXX,Consumer,PR,9854 Jagged Impasse,725,10,Technology,18.23437882,-66.03705597,Europe,Acerra,Italia,14472,11/1/2017 5:44,70919,1352,42.99000168,0.170000002,174234,252.8800049,0.349999994,1,252.8800049,209.8899994,73.45999908,Southern Europe,Campania,COMPLETE,,1352,65,,http://images.acmesports.sports/Industrial+consumer+electronics,Industrial consumer electronics,252.8800049,0,11/6/2017 5:44,Second Class
DEBIT,5,2,39.88000107,209.8899994,Late delivery,1,65,Consumer Electronics,Caguas,Puerto Rico,XXXXXXXXX,Xantha,14562,Brock,XXXXXXXXX,Consumer,PR,5336 Sleepy Sky Common,725,10,Technology,18.29236603,-66.0370636,Europe,Hanover,Alemania,14562,11/2/2017 13:15,71009,1352,42.99000168,0.170000002,174324,252.8800049,0.189999998,1,252.8800049,209.8899994,39.88000107,Western Europe,Baja Sajonia,COMPLETE,,1352,65,,http://images.acmesports.sports/Industrial+consumer+electronics,Industrial consumer electronics,252.8800049,0,11/7/2017 13:15,Second Class
DEBIT,4,2,177.9199982,370.6700134,Late delivery,1,62,Cameras ,Caguas,Puerto Rico,XXXXXXXXX,Zia,13206,Davis,XXXXXXXXX,Consumer,PR,3836 Blue Brook Stead,725,10,Technology,18.21356773,-66.0370636,Europe,Manchester,Reino Unido,13206,10/13/2017 18:11,69653,1349,81.37000275,0.180000007,172968,452.0400085,0.479999989,1,452.0400085,370.6700134,177.9199982,Northern Europe,Inglaterra,COMPLETE,,1349,62,,http://images.acmesports.sports/Web+Camera,Web Camera,452.0400085,0,10/17/2017 18:11,Second Class
DEBIT,3,2,129.7400055,370.6700134,Late delivery,1,62,Cameras ,Caguas,Puerto Rico,XXXXXXXXX,Mara,13080,Duffy,XXXXXXXXX,Consumer,PR,4896 Honey Wood ,725,10,Technology,18.2920475,-66.0370636,Europe,Messina,Italia,13080,10/11/2017 22:03,69527,1349,81.37000275,0.180000007,172842,452.0400085,0.349999994,1,452.0400085,370.6700134,129.7400055,Southern Europe,Sicilia,COMPLETE,,1349,62,,http://images.acmesports.sports/Web+Camera,Web Camera,452.0400085,0,10/14/2017 22:03,Second Class
DEBIT,6,2,62.20999908,207.3600006,Late delivery,1,65,Consumer Electronics,Caguas,Puerto Rico,XXXXXXXXX,Sloane,14633,Long,XXXXXXXXX,Consumer,PR,4592 Grand Timber Ramp,725,10,Technology,18.24609184,-66.0370636,Europe,Wilhelmshaven,Alemania,14633,11/3/2017 14:08,71080,1352,45.52000046,0.180000007,174395,252.8800049,0.300000012,1,252.8800049,207.3600006,62.20999908,Western Europe,Baja Sajonia,COMPLETE,,1352,65,,http://images.acmesports.sports/Industrial+consumer+electronics,Industrial consumer electronics,252.8800049,0,11/9/2017 14:08,Second Class
DEBIT,5,2,90,1200,Late delivery,1,64,Computers,Caguas,Puerto Rico,XXXXXXXXX,Winifred,14097,Alexander,XXXXXXXXX,Consumer,PR,146 Middle Terrace,725,10,Technology,18.20939446,-66.03705597,Europe,Letchworth,Reino Unido,14097,10/26/2017 18:21,70544,1351,300,0.200000003,173859,1500,0.079999998,1,1500,1200,90,Northern Europe,Inglaterra,COMPLETE,,1351,64,,http://images.acmesports.sports/Dell+Laptop,Dell Laptop,1500,0,10/31/2017 18:21,Second Class
DEBIT,2,2,118.6600037,339.0299988,Shipping on time,0,62,Cameras ,Caguas,Puerto Rico,XXXXXXXXX,Giselle,13024,Farrell,XXXXXXXXX,Consumer,PR,3710 Little Nook ,725,10,Technology,18.29184341,-66.03704834,Europe,Kilwinning,Reino Unido,13024,10/11/2017 2:26,69471,1349,113.0100021,0.25,172786,452.0400085,0.349999994,1,452.0400085,339.0299988,118.6600037,Northern Europe,Escocia,COMPLETE,,1349,62,,http://images.acmesports.sports/Web+Camera,Web Camera,452.0400085,0,10/13/2017 2:26,Second Class
DEBIT,5,2,415.7999878,989.9899902,Late delivery,1,4,Basketball,Caguas,Puerto Rico,XXXXXXXXX,John,778,Buckley,XXXXXXXXX,Consumer,PR,9598 Cinder Close,725,2,Fitness,18.2275734,-66.0437088,Europe,Villeneuve-le-Roi,Francia,778,10/2/2017 11:01,68879,60,10,0.01,172188,999.9899902,0.419999987,1,999.9899902,989.9899902,415.7999878,Western Europe,Isla de Francia,COMPLETE,,60,4,,http://images.acmesports.sports/SOLE+E25+Elliptical,SOLE E25 Elliptical,999.9899902,0,10/7/2017 11:01,Second Class
DEBIT,5,2,8.619999886,78.38999939,Late delivery,1,2,Soccer,Caguas,Puerto Rico,XXXXXXXXX,Nancy,7146,Curry,XXXXXXXXX,Consumer,PR,6998 Old Treasure Crossing,725,2,Fitness,18.28542137,-66.37056732,Europe,Barakaldo,España,7146,9/8/2017 3:42,67214,24,1.600000024,0.02,167987,79.98999786,0.109999999,1,79.98999786,78.38999939,8.619999886,Southern Europe,País Vasco,COMPLETE,,24,2,,http://images.acmesports.sports/Elevation+Training+Mask+2.0,Elevation Training Mask 2.0,79.98999786,0,9/13/2017 3:42,Second Class
DEBIT,6,2,16.34000015,52.18999863,Late delivery,1,3,Baseball & Softball,Caguas,Puerto Rico,XXXXXXXXX,Mary,6365,Smith,XXXXXXXXX,Consumer,PR,100 Jagged Cloud Pathway,725,2,Fitness,18.24692345,-66.37057495,Europe,Estocolmo,Suecia,6365,9/17/2015 23:17,17810,44,7.800000191,0.129999995,44493,59.99000168,0.310000002,1,59.99000168,52.18999863,16.34000015,Northern Europe,Estocolmo,COMPLETE,,44,3,,http://images.acmesports.sports/adidas+Men%27s+F10+Messi+TRX+FG+Soccer+Cleat,adidas Men's F10 Messi TRX FG Soccer Cleat,59.99000168,0,9/23/2015 23:17,Second Class
DEBIT,4,2,12.52999973,43.18999863,Late delivery,1,13,Electronics,Caguas,Puerto Rico,XXXXXXXXX,Wayne,8422,Crawford,XXXXXXXXX,Consumer,PR,8110 Old Place,725,3,Footwear,18.23379898,-66.37056732,Europe,Aylesbury,Reino Unido,8422,10/2/2015 7:40,18793,278,1.799999952,0.039999999,46997,44.99000168,0.289999992,1,44.99000168,43.18999863,12.52999973,Northern Europe,Inglaterra,COMPLETE,,278,13,,http://images.acmesports.sports/Under+Armour+Men%27s+Compression+EV+SL+Slide,Under Armour Men's Compression EV SL Slide,44.99000168,0,10/6/2015 7:40,Second Class
DEBIT,5,2,25.92000008,95.98999786,Late delivery,1,9,Cardio Equipment,Caguas,Puerto Rico,XXXXXXXXX,Ruth,8524,Farrell,XXXXXXXXX,Consumer,PR,1453 Lazy Cider Hill,725,3,Footwear,18.24496079,-66.3705368,Europe,Langenhagen,Alemania,8524,8/8/2017 10:13,65109,191,4,0.039999999,162715,99.98999786,0.270000011,1,99.98999786,95.98999786,25.92000008,Western Europe,Baja Sajonia,COMPLETE,,191,9,,http://images.acmesports.sports/Nike+Men%27s+Free+5.0%2B+Running+Shoe,Nike Men's Free 5.0+ Running Shoe,99.98999786,0,8/13/2017 10:13,Second Class
DEBIT,4,2,-13.57999992,94.98999786,Late delivery,1,9,Cardio Equipment,Caguas,Puerto Rico,XXXXXXXXX,Mary,3784,Sharp,XXXXXXXXX,Consumer,PR,9221 Cotton Butterfly Terrace,725,3,Footwear,18.23220825,-66.37062836,Europe,Birmingham,Reino Unido,3784,8/17/2015 18:35,15673,191,5,0.050000001,39186,99.98999786,-0.140000001,1,99.98999786,94.98999786,-13.57999992,Northern Europe,Inglaterra,COMPLETE,,191,9,,http://images.acmesports.sports/Nike+Men%27s+Free+5.0%2B+Running+Shoe,Nike Men's Free 5.0+ Running Shoe,99.98999786,0,8/21/2015 18:35,Second Class
DEBIT,4,2,10.03999996,41.84000015,Late delivery,1,13,Electronics,Caguas,Puerto Rico,XXXXXXXXX,Mary,10519,Smith,XXXXXXXXX,Consumer,PR,4110 Quaking Abbey,725,3,Footwear,18.26521111,-66.37055206,Europe,Amsterdam,Países Bajos,10519,9/23/2015 9:57,18183,278,3.150000095,0.07,45455,44.99000168,0.239999995,1,44.99000168,41.84000015,10.03999996,Western Europe,Holanda Septentrional,COMPLETE,,278,13,,http://images.acmesports.sports/Under+Armour+Men%27s+Compression+EV+SL+Slide,Under Armour Men's Compression EV SL Slide,44.99000168,0,9/27/2015 9:57,Second Class
DEBIT,5,2,10.80000019,89.98999786,Late delivery,1,9,Cardio Equipment,Caguas,Puerto Rico,XXXXXXXXX,David,7132,Guerra,XXXXXXXXX,Consumer,PR,6574 Shady Horse Wood,725,3,Footwear,18.28570366,-66.37050629,Europe,Viena,Austria,7132,10/23/2015 8:31,20234,191,10,0.100000001,50536,99.98999786,0.119999997,1,99.98999786,89.98999786,10.80000019,Western Europe,Viena,COMPLETE,,191,9,,http://images.acmesports.sports/Nike+Men%27s+Free+5.0%2B+Running+Shoe,Nike Men's Free 5.0+ Running Shoe,99.98999786,0,10/28/2015 8:31,Second Class
DEBIT,5,2,16.71999931,87.98999786,Late delivery,1,9,Cardio Equipment,Caguas,Puerto Rico,XXXXXXXXX,Mary,3709,Padilla,XXXXXXXXX,Consumer,PR,4555 Amber Apple Cape,725,3,Footwear,18.2968502,-66.37062836,Europe,Viena,Austria,3709,7/11/2015 18:49,13139,191,12,0.119999997,32867,99.98999786,0.189999998,1,99.98999786,87.98999786,16.71999931,Western Europe,Viena,COMPLETE,,191,9,,http://images.acmesports.sports/Nike+Men%27s+Free+5.0%2B+Running+Shoe,Nike Men's Free 5.0+ Running Shoe,99.98999786,0,7/16/2015 18:49,Second Class
TRANSFER,5,4,28.85000038,128.2200012,Shipping canceled,0,13,Electronics,Freeport,EE. UU.,XXXXXXXXX,Patricia,1509,Petersen,XXXXXXXXX,Consumer,NY,3675 Emerald Goose Bank,11520,3,Footwear,40.65486527,-73.58707428,USCA,Houston,Estados Unidos,1509,5/8/2016 17:42,33824,278,6.75,0.050000001,84424,44.99000168,0.230000004,3,134.9700012,128.2200012,28.85000038,US Center ,Texas,SUSPECTED_FRAUD,77041,278,13,,http://images.acmesports.sports/Under+Armour+Men%27s+Compression+EV+SL+Slide,Under Armour Men's Compression EV SL Slide,44.99000168,0,5/13/2016 17:42,Standard Class
TRANSFER,5,4,133.9100037,278.9700012,Shipping canceled,0,9,Cardio Equipment,Fort Washington,EE. UU.,XXXXXXXXX,Julie,1636,Petersen,XXXXXXXXX,Consumer,MD,9375 Harvest Circuit,20744,3,Footwear,38.74266434,-76.9917984,USCA,Gilbert,Estados Unidos,1636,4/2/2016 19:51,31364,191,21,0.07,78398,99.98999786,0.479999989,3,299.9700012,278.9700012,133.9100037,West of USA ,Arizona,SUSPECTED_FRAUD,85234,191,9,,http://images.acmesports.sports/Nike+Men%27s+Free+5.0%2B+Running+Shoe,Nike Men's Free 5.0+ Running Shoe,99.98999786,0,4/7/2016 19:51,Standard Class
TRANSFER,6,4,79.16000366,272.9700012,Shipping canceled,0,9,Cardio Equipment,Bakersfield,EE. UU.,XXXXXXXXX,Lisa,2784,Smith,XXXXXXXXX,Consumer,CA,3993 Thunder Hills Port,93304,3,Footwear,35.36254501,-119.0186996,USCA,San Jose,Estados Unidos,2784,8/14/2016 2:51,40495,191,27,0.090000004,101052,99.98999786,0.289999992,3,299.9700012,272.9700012,79.16000366,West of USA ,California,SUSPECTED_FRAUD,95123,191,9,,http://images.acmesports.sports/Nike+Men%27s+Free+5.0%2B+Running+Shoe,Nike Men's Free 5.0+ Running Shoe,99.98999786,0,8/20/2016 2:51,Standard Class
TRANSFER,5,4,19.11000061,272.9700012,Shipping canceled,0,9,Cardio Equipment,Fort Washington,EE. UU.,XXXXXXXXX,Julie,1636,Petersen,XXXXXXXXX,Consumer,MD,9375 Harvest Circuit,20744,3,Footwear,38.74266434,-76.9917984,USCA,Gilbert,Estados Unidos,1636,4/2/2016 19:51,31364,191,27,0.090000004,78396,99.98999786,0.07,3,299.9700012,272.9700012,19.11000061,West of USA ,Arizona,SUSPECTED_FRAUD,85234,191,9,,http://images.acmesports.sports/Nike+Men%27s+Free+5.0%2B+Running+Shoe,Nike Men's Free 5.0+ Running Shoe,99.98999786,0,4/7/2016 19:51,Standard Class
TRANSFER,2,4,10.77000046,170.9700012,Shipping canceled,0,17,Cleats,Corona,EE. UU.,XXXXXXXXX,Tyler,9174,Smith,XXXXXXXXX,Consumer,NY,9414 Thunder Island Court,11368,4,Apparel,40.74210739,-73.86962128,USCA,Fresno,Estados Unidos,9174,5/18/2016 16:38,34506,365,9,0.050000001,86191,59.99000168,0.059999999,3,179.9700012,170.9700012,10.77000046,West of USA ,California,SUSPECTED_FRAUD,93727,365,17,,http://images.acmesports.sports/Perfect+Fitness+Perfect+Rip+Deck,Perfect Fitness Perfect Rip Deck,59.99000168,0,5/20/2016 16:38,Standard Class
TRANSFER,3,4,-284.5299988,167.3699951,Shipping canceled,0,17,Cleats,Cincinnati,EE. UU.,XXXXXXXXX,Karen,122,Smith,XXXXXXXXX,Consumer,OH,7573 Cozy Goose Road,45238,4,Apparel,39.28849411,-84.3551178,USCA,Peoria,Estados Unidos,122,5/5/2016 13:40,33607,365,12.60000038,0.07,83892,59.99000168,-1.700000048,3,179.9700012,167.3699951,-284.5299988,West of USA ,Arizona,SUSPECTED_FRAUD,85345,365,17,,http://images.acmesports.sports/Perfect+Fitness+Perfect+Rip+Deck,Perfect Fitness Perfect Rip Deck,59.99000168,0,5/8/2016 13:40,Standard Class
TRANSFER,3,4,69.68000031,158.3699951,Shipping canceled,0,17,Cleats,Germantown,EE. UU.,XXXXXXXXX,Shawn,3800,Smith,XXXXXXXXX,Consumer,MD,5985 Silent Leaf Vale,20874,4,Apparel,39.1836586,-77.26545715,USCA,Cincinnati,Estados Unidos,3800,4/21/2016 2:50,32617,365,21.60000038,0.119999997,81596,59.99000168,0.439999998,3,179.9700012,158.3699951,69.68000031,East of USA,Ohio,SUSPECTED_FRAUD,45231,365,17,,http://images.acmesports.sports/Perfect+Fitness+Perfect+Rip+Deck,Perfect Fitness Perfect Rip Deck,59.99000168,0,4/24/2016 2:50,Standard Class
TRANSFER,2,4,7.480000019,118.7699966,Shipping canceled,0,29,Shop By Sport,Carrollton,EE. UU.,XXXXXXXXX,Mary,10029,Silva,XXXXXXXXX,Consumer,TX,1230 Crystal Lookout,75006,5,Golf,32.96593094,-96.84902191,USCA,Columbus,Estados Unidos,10029,7/1/2016 8:10,37496,627,1.200000048,0.01,93579,39.99000168,0.059999999,3,119.9700012,118.7699966,7.480000019,US Center ,Indiana,SUSPECTED_FRAUD,47201,627,29,,http://images.acmesports.sports/Under+Armour+Girls%27+Toddler+Spine+Surge+Running+Shoe,Under Armour Girls' Toddler Spine Surge Runni,39.99000168,0,7/3/2016 8:10,Standard Class
TRANSFER,3,4,11.02999973,73.5,Shipping canceled,0,26,Girls' Apparel,Germantown,EE. UU.,XXXXXXXXX,Shawn,3800,Smith,XXXXXXXXX,Consumer,MD,5985 Silent Leaf Vale,20874,5,Golf,39.1836586,-77.26545715,USCA,Cincinnati,Estados Unidos,3800,4/21/2016 2:50,32617,567,1.5,0.02,81595,25,0.150000006,3,75,73.5,11.02999973,East of USA,Ohio,SUSPECTED_FRAUD,45231,567,26,,http://images.acmesports.sports/adidas+Men%27s+Germany+Black+Crest+Away+Tee,adidas Men's Germany Black Crest Away Tee,25,0,4/24/2016 2:50,Standard Class
TRANSFER,6,4,-24.8199997,132,Shipping canceled,0,24,Women's Apparel,Houston,EE. UU.,XXXXXXXXX,Willie,2805,Smith,XXXXXXXXX,Consumer,TX,6350 Lost Hollow,77093,5,Golf,29.83435631,-95.33792877,USCA,Ottawa,Canada,2805,12/17/2016 8:48,49075,502,18,0.119999997,122703,50,-0.189999998,3,150,132,-24.8199997,Canada,Ontario,SUSPECTED_FRAUD,,502,24,,http://images.acmesports.sports/Nike+Men%27s+Dri-FIT+Victory+Golf+Polo,Nike Men's Dri-FIT Victory Golf Polo,50,0,12/23/2016 8:48,Standard Class
TRANSFER,5,4,33,132,Shipping canceled,0,24,Women's Apparel,Freeport,EE. UU.,XXXXXXXXX,Patricia,1509,Petersen,XXXXXXXXX,Consumer,NY,3675 Emerald Goose Bank,11520,5,Golf,40.65486527,-73.58707428,USCA,Houston,Estados Unidos,1509,5/8/2016 17:42,33824,502,18,0.119999997,84425,50,0.25,3,150,132,33,US Center ,Texas,SUSPECTED_FRAUD,77041,502,24,,http://images.acmesports.sports/Nike+Men%27s+Dri-FIT+Victory+Golf+Polo,Nike Men's Dri-FIT Victory Golf Polo,50,0,5/13/2016 17:42,Standard Class
TRANSFER,6,4,36.54000092,130.5,Shipping canceled,0,24,Women's Apparel,Houston,EE. UU.,XXXXXXXXX,Willie,2805,Smith,XXXXXXXXX,Consumer,TX,6350 Lost Hollow,77093,5,Golf,29.83435631,-95.33792877,USCA,Ottawa,Canada,2805,12/17/2016 8:48,49075,502,19.5,0.129999995,122700,50,0.280000001,3,150,130.5,36.54000092,Canada,Ontario,SUSPECTED_FRAUD,,502,24,,http://images.acmesports.sports/Nike+Men%27s+Dri-FIT+Victory+Golf+Polo,Nike Men's Dri-FIT Victory Golf Polo,50,0,12/23/2016 8:48,Standard Class
TRANSFER,4,4,-76.37000275,99.58000183,Shipping canceled,0,29,Shop By Sport,Carlisle,EE. UU.,XXXXXXXXX,Mary,12253,Chan,XXXXXXXXX,Consumer,PA,4898 Red Butterfly Autoroute,17013,5,Golf,40.2372818,-76.96795654,USCA,Kitchener,Canada,12253,8/30/2016 14:02,41623,627,20.38999939,0.170000002,103905,39.99000168,-0.769999981,3,119.9700012,99.58000183,-76.37000275,Canada,Ontario,SUSPECTED_FRAUD,,627,29,,http://images.acmesports.sports/Under+Armour+Girls%27+Toddler+Spine+Surge+Running+Shoe,Under Armour Girls' Toddler Spine Surge Runni,39.99000168,0,9/3/2016 14:02,Standard Class
TRANSFER,2,4,8.760000229,99.58000183,Shipping canceled,0,29,Shop By Sport,Los Angeles,EE. UU.,XXXXXXXXX,Nicole,3528,Brooks,XXXXXXXXX,Consumer,CA,7312 Crystal Willow Villas,90023,5,Golf,34.20339966,-118.6059036,USCA,Philadelphia,Estados Unidos,3528,7/27/2016 6:01,39271,627,20.38999939,0.170000002,98043,39.99000168,0.090000004,3,119.9700012,99.58000183,8.760000229,East of USA,Pensilvania,SUSPECTED_FRAUD,19134,627,29,,http://images.acmesports.sports/Under+Armour+Girls%27+Toddler+Spine+Surge+Running+Shoe,Under Armour Girls' Toddler Spine Surge Runni,39.99000168,0,7/29/2016 6:01,Standard Class
TRANSFER,4,4,36.36999893,74.22000122,Shipping canceled,0,40,Accessories,Ewa Beach,EE. UU.,XXXXXXXXX,Bruce,11018,Smith,XXXXXXXXX,Consumer,HI,9595 Blue Promenade,96706,6,Outdoors,21.31185532,-158.0046844,USCA,Des Plaines,Estados Unidos,11018,7/17/2016 10:14,38598,893,0.75,0.01,96337,24.98999977,0.49000001,3,74.97000122,74.22000122,36.36999893,US Center ,Illinois,SUSPECTED_FRAUD,60016,893,40,,http://images.acmesports.sports/Team+Golf+Pittsburgh+Steelers+Putter+Grip,Team Golf Pittsburgh Steelers Putter Grip,24.98999977,0,7/21/2016 10:14,Standard Class
TRANSFER,6,4,18.12999916,40.29000092,Shipping canceled,0,41,Trade-In,Lakewood,EE. UU.,XXXXXXXXX,Mary,3222,Williams,XXXXXXXXX,Consumer,NJ,1790 Noble Brook Run,8701,6,Outdoors,40.09635925,-74.21524048,USCA,Elmhurst,Estados Unidos,3222,7/6/2016 10:26,37845,924,7.679999828,0.159999996,94445,15.98999977,0.449999988,3,47.97000122,40.29000092,18.12999916,US Center ,Illinois,SUSPECTED_FRAUD,60126,924,41,,http://images.acmesports.sports/Glove+It+Urban+Brick+Golf+Towel,Glove It Urban Brick Golf Towel,15.98999977,0,7/12/2016 10:26,Standard Class
TRANSFER,2,4,-12.98999977,227.9600067,Shipping canceled,0,17,Cleats,Rome,EE. UU.,XXXXXXXXX,Melissa,6246,Ramirez,XXXXXXXXX,Consumer,NY,2459 Round Spring Towers,13440,4,Apparel,43.21662521,-75.45603943,Africa,Antananarivo,Madagascar,6246,9/9/2016 22:05,42331,365,12,0.050000001,105703,59.99000168,-0.059999999,4,239.9600067,227.9600067,-12.98999977,East Africa,Analamanga,CANCELED,,365,17,,http://images.acmesports.sports/Perfect+Fitness+Perfect+Rip+Deck,Perfect Fitness Perfect Rip Deck,59.99000168,0,9/11/2016 22:05,Standard Class
TRANSFER,6,4,74.04000092,203.9700012,Shipping canceled,0,17,Cleats,Vista,EE. UU.,XXXXXXXXX,Gregory,8741,Smith,XXXXXXXXX,Consumer,CA,690 Colonial Pine Passage,92083,4,Apparel,33.21121979,-117.2510605,Africa,Algiers,Argelia,8741,8/26/2016 12:38,41345,365,35.99000168,0.150000006,103211,59.99000168,0.360000014,4,239.9600067,203.9700012,74.04000092,North Africa,Alger,CANCELED,,365,17,,http://images.acmesports.sports/Perfect+Fitness+Perfect+Rip+Deck,Perfect Fitness Perfect Rip Deck,59.99000168,0,9/1/2016 12:38,Standard Class
TRANSFER,4,4,90,200,Shipping canceled,0,24,Women's Apparel,Fort Worth,EE. UU.,XXXXXXXXX,Elizabeth,8050,Smith,XXXXXXXXX,Consumer,TX,739 Jagged Goose Street,76106,5,Golf,32.8013916,-97.3302536,Africa,Monrovia,Liberia,8050,1/16/2017 22:04,51168,502,0,0,127882,50,0.449999988,4,200,200,90,West Africa,Montserrado,CANCELED,,502,24,,http://images.acmesports.sports/Nike+Men%27s+Dri-FIT+Victory+Golf+Polo,Nike Men's Dri-FIT Victory Golf Polo,50,0,1/20/2017 22:04,Standard Class
TRANSFER,4,4,-2.190000057,156.7599945,Shipping canceled,0,29,Shop By Sport,Fort Worth,EE. UU.,XXXXXXXXX,Elizabeth,8050,Smith,XXXXXXXXX,Consumer,TX,739 Jagged Goose Street,76106,5,Golf,32.8013916,-97.3302536,Africa,Monrovia,Liberia,8050,1/16/2017 22:04,51168,627,3.200000048,0.02,127881,39.99000168,-0.01,4,159.9600067,156.7599945,-2.190000057,West Africa,Montserrado,CANCELED,,627,29,,http://images.acmesports.sports/Under+Armour+Girls%27+Toddler+Spine+Surge+Running+Shoe,Under Armour Girls' Toddler Spine Surge Runni,39.99000168,0,1/20/2017 22:04,Standard Class
TRANSFER,5,4,85.05000305,189,Shipping canceled,0,24,Women's Apparel,Fond Du Lac,EE. UU.,XXXXXXXXX,Mary,5474,Sanchez,XXXXXXXXX,Consumer,WI,29 Gentle Spring Mews,54935,5,Golf,43.78569031,-88.47438049,Africa,Jartum,Sudán,5474,9/28/2016 10:19,43599,502,11,0.059999999,108885,50,0.449999988,4,200,189,85.05000305,North Africa,Jartum,CANCELED,,502,24,,http://images.acmesports.sports/Nike+Men%27s+Dri-FIT+Victory+Golf+Polo,Nike Men's Dri-FIT Victory Golf Polo,50,0,10/3/2016 10:19,Standard Class
TRANSFER,2,4,3.039999962,79.97000122,Shipping canceled,0,40,Accessories,Philadelphia,EE. UU.,XXXXXXXXX,Mary,474,Patton,XXXXXXXXX,Consumer,PA,5532 Tawny Pines,19139,6,Outdoors,39.79661942,-75.47006989,Africa,Gagnoa,Costa de Marfil,474,9/3/2016 15:26,41901,905,19.98999977,0.200000003,104591,24.98999977,0.039999999,4,99.95999908,79.97000122,3.039999962,West Africa,Fromager,CANCELED,,905,40,,http://images.acmesports.sports/Team+Golf+Texas+Longhorns+Putter+Grip,Team Golf Texas Longhorns Putter Grip,24.98999977,0,9/5/2016 15:26,Standard Class
TRANSFER,2,4,-266.7900085,363.9599915,Advance shipping,0,9,Cardio Equipment,Ontario,EE. UU.,XXXXXXXXX,Mary,12255,Davis,XXXXXXXXX,Consumer,CA,4502 Hazy Run,91764,3,Footwear,34.07656479,-117.61409,Africa,Livingstone,Zambia,12255,9/16/2016 1:13,42751,191,36,0.090000004,106706,99.98999786,-0.730000019,4,399.9599915,363.9599915,-266.7900085,East Africa,Meridional,PENDING,,191,9,,http://images.acmesports.sports/Nike+Men%27s+Free+5.0%2B+Running+Shoe,Nike Men's Free 5.0+ Running Shoe,99.98999786,0,9/18/2016 1:13,Standard Class
TRANSFER,4,4,64.79000092,239.9600067,Shipping on time,0,17,Cleats,Oviedo,EE. UU.,XXXXXXXXX,Mark,10288,Smith,XXXXXXXXX,Consumer,FL,6026 Stony Elk Hill,32765,4,Apparel,28.62217712,-81.20755768,Africa,Fes,Marruecos,10288,10/20/2016 3:59,45088,365,0,0,112591,59.99000168,0.270000011,4,239.9600067,239.9600067,64.79000092,North Africa,Fez-Bulmán,PENDING,,365,17,,http://images.acmesports.sports/Perfect+Fitness+Perfect+Rip+Deck,Perfect Fitness Perfect Rip Deck,59.99000168,0,10/24/2016 3:59,Standard Class
TRANSFER,5,4,83.62000275,230.3600006,Late delivery,1,17,Cleats,Buffalo,EE. UU.,XXXXXXXXX,Mary,4717,Sanders,XXXXXXXXX,Consumer,NY,4903 Lazy Parkway,14221,4,Apparel,42.9666214,-78.74194336,Africa,Cairo,Egipto,4717,1/7/2017 0:11,50489,365,9.600000381,0.039999999,126156,59.99000168,0.360000014,4,239.9600067,230.3600006,83.62000275,North Africa,El Cairo,PENDING,,365,17,,http://images.acmesports.sports/Perfect+Fitness+Perfect+Rip+Deck,Perfect Fitness Perfect Rip Deck,59.99000168,0,1/12/2017 0:11,Standard Class
TRANSFER,5,4,74.08999634,227.9600067,Late delivery,1,17,Cleats,Honolulu,EE. UU.,XXXXXXXXX,Paul,4799,Jensen,XXXXXXXXX,Consumer,HI,3902 Foggy Swale,96822,4,Apparel,21.30562019,-157.8386993,Africa,Dakar,Senegal,4799,10/10/2016 6:06,44409,365,12,0.050000001,110862,59.99000168,0.330000013,4,239.9600067,227.9600067,74.08999634,West Africa,Dakar,PENDING,,365,17,,http://images.acmesports.sports/Perfect+Fitness+Perfect+Rip+Deck,Perfect Fitness Perfect Rip Deck,59.99000168,0,10/15/2016 6:06,Standard Class
TRANSFER,2,4,92.97000122,226.7599945,Advance shipping,0,17,Cleats,Oceanside,EE. UU.,XXXXXXXXX,Walter,4533,Chavez,XXXXXXXXX,Consumer,CA,990 Dewy Crest,92056,4,Apparel,33.18587494,-117.3658524,Africa,Hurghada,Egipto,4533,9/6/2016 13:30,42101,365,13.19999981,0.059999999,105115,59.99000168,0.409999996,4,239.9600067,226.7599945,92.97000122,North Africa,Al Bahr al Ahmar,PENDING,,365,17,,http://images.acmesports.sports/Perfect+Fitness+Perfect+Rip+Deck,Perfect Fitness Perfect Rip Deck,59.99000168,0,9/8/2016 13:30,Standard Class
TRANSFER,5,4,70.55999756,208.7700043,Late delivery,1,17,Cleats,North Tonawanda,EE. UU.,XXXXXXXXX,Joyce,12383,Phillips,XXXXXXXXX,Consumer,NY,9899 Hazy Falls,14120,4,Apparel,43.02910233,-78.87342072,Africa,Kenitra,Marruecos,12383,1/6/2017 1:25,50424,365,31.19000053,0.129999995,125992,59.99000168,0.340000004,4,239.9600067,208.7700043,70.55999756,North Africa,Garb-Chrarda-Beni Hsen,PENDING,,365,17,,http://images.acmesports.sports/Perfect+Fitness+Perfect+Rip+Deck,Perfect Fitness Perfect Rip Deck,59.99000168,0,1/11/2017 1:25,Standard Class
TRANSFER,6,4,96,200,Late delivery,1,24,Women's Apparel,Clovis,EE. UU.,XXXXXXXXX,Daniel,3518,Smith,XXXXXXXXX,Consumer,CA,7449 Merry Chase,93611,5,Golf,36.82690048,-119.6776962,Africa,Abidjan,Costa de Marfil,3518,12/28/2016 7:33,49825,502,0,0,124562,50,0.479999989,4,200,200,96,West Africa,Lagunes,PENDING,,502,24,,http://images.acmesports.sports/Nike+Men%27s+Dri-FIT+Victory+Golf+Polo,Nike Men's Dri-FIT Victory Golf Polo,50,0,1/3/2017 7:33,Standard Class
TRANSFER,5,4,-145.1300049,198,Late delivery,1,24,Women's Apparel,Jamaica,EE. UU.,XXXXXXXXX,Mary,4674,Lynn,XXXXXXXXX,Consumer,NY,7694 Velvet Turnabout,11434,5,Golf,40.70170975,-73.80841827,Africa,Hurghada,Egipto,4674,8/25/2016 18:46,41294,502,2,0.01,103083,50,-0.730000019,4,200,198,-145.1300049,North Africa,Al Bahr al Ahmar,PENDING,,502,24,,http://images.acmesports.sports/Nike+Men%27s+Dri-FIT+Victory+Golf+Polo,Nike Men's Dri-FIT Victory Golf Polo,50,0,8/30/2016 18:46,Standard Class
TRANSFER,4,4,45,155.1600037,Shipping on time,0,29,Shop By Sport,Granite City,EE. UU.,XXXXXXXXX,Pamela,8519,Michael,XXXXXXXXX,Consumer,IL,1585 Stony Rabbit Hollow,62040,5,Golf,38.69002152,-90.14477539,Africa,Niamey,Níger,8519,9/5/2016 10:10,42023,627,4.800000191,0.029999999,104898,39.99000168,0.289999992,4,159.9600067,155.1600037,45,West Africa,Niamey,PENDING,,627,29,,http://images.acmesports.sports/Under+Armour+Girls%27+Toddler+Spine+Surge+Running+Shoe,Under Armour Girls' Toddler Spine Surge Runni,39.99000168,0,9/9/2016 10:10,Standard Class
TRANSFER,5,4,51.09000015,151.1600037,Late delivery,1,29,Shop By Sport,Medford,EE. UU.,XXXXXXXXX,Betty,5302,Smith,XXXXXXXXX,Consumer,MA,2289 Cozy Promenade,2155,5,Golf,42.41968918,-71.10621643,Africa,Sale,Marruecos,5302,11/28/2016 9:00,47774,627,8.800000191,0.059999999,119464,39.99000168,0.340000004,4,159.9600067,151.1600037,51.09000015,North Africa,Rabat-Salé-Zemur-Zaer,PENDING,,627,29,,http://images.acmesports.sports/Under+Armour+Girls%27+Toddler+Spine+Surge+Running+Shoe,Under Armour Girls' Toddler Spine Surge Runni,39.99000168,0,12/3/2016 9:00,Standard Class
TRANSFER,3,4,31.25,111.5999985,Advance shipping,0,26,Girls' Apparel,Pomona,EE. UU.,XXXXXXXXX,Mary,3594,Smith,XXXXXXXXX,Consumer,CA,830 Clear Sky Vale,91766,5,Golf,34.04991913,-117.7161026,Africa,Pretoria,SudAfrica,3594,9/2/2016 13:30,41827,564,8.399999619,0.07,104416,30,0.280000001,4,120,111.5999985,31.25,Southern Africa,Gauteng,PENDING,,564,26,,http://images.acmesports.sports/Nike+Men%27s+Deutschland+Weltmeister+Winners+Black+T-Shirt,Nike Men's Deutschland Weltmeister Winners Bl,30,0,9/5/2016 13:30,Standard Class
TRANSFER,4,4,-459,170,Shipping on time,0,24,Women's Apparel,Tempe,EE. UU.,XXXXXXXXX,Christian,9890,Luna,XXXXXXXXX,Consumer,AZ,2833 Clear Valley,85281,5,Golf,33.41519928,-111.9199905,Africa,Marrakech,Marruecos,9890,11/19/2016 21:27,47193,502,30,0.150000006,117955,50,-2.700000048,4,200,170,-459,North Africa,Marrakech-Tensift-Al Hauz,PENDING,,502,24,,http://images.acmesports.sports/Nike+Men%27s+Dri-FIT+Victory+Golf+Polo,Nike Men's Dri-FIT Victory Golf Polo,50,0,11/23/2016 21:27,Standard Class
TRANSFER,2,4,-248,160,Advance shipping,0,24,Women's Apparel,Santa Ana,EE. UU.,XXXXXXXXX,Mary,1410,Smith,XXXXXXXXX,Consumer,CA,4682 Cozy Freeway,92703,5,Golf,33.74279404,-117.8847504,Africa,Bur Sudan,Sudán,1410,9/14/2016 5:26,42626,502,40,0.200000003,106390,50,-1.549999952,4,200,160,-248,North Africa,Mar Rojo,PENDING,,502,24,,http://images.acmesports.sports/Nike+Men%27s+Dri-FIT+Victory+Golf+Polo,Nike Men's Dri-FIT Victory Golf Polo,50,0,9/16/2016 5:26,Standard Class
TRANSFER,5,4,13.19999981,150,Late delivery,1,24,Women's Apparel,York,EE. UU.,XXXXXXXXX,Mary,7521,Ortega,XXXXXXXXX,Consumer,PA,4196 Noble Beacon Mews,17402,5,Golf,39.9602356,-76.67675781,Africa,Lagos,Nigeria,7521,11/5/2016 9:13,46199,502,50,0.25,115493,50,0.090000004,4,200,150,13.19999981,West Africa,Lagos,PENDING,,502,24,,http://images.acmesports.sports/Nike+Men%27s+Dri-FIT+Victory+Golf+Polo,Nike Men's Dri-FIT Victory Golf Polo,50,0,11/10/2016 9:13,Standard Class
TRANSFER,4,4,46.29000092,94.45999908,Shipping on time,0,40,Accessories,Aurora,EE. UU.,XXXXXXXXX,Mary,2106,Grimes,XXXXXXXXX,Consumer,CO,231 Bright Alley,80010,6,Outdoors,39.74543381,-104.8753815,Africa,Lagos,Nigeria,2106,12/8/2016 12:08,48468,885,5.5,0.059999999,121217,24.98999977,0.49000001,4,99.95999908,94.45999908,46.29000092,West Africa,Lagos,PENDING,,885,40,,http://images.acmesports.sports/Team+Golf+St.+Louis+Cardinals+Putter+Grip,Team Golf St. Louis Cardinals Putter Grip,24.98999977,0,12/12/2016 12:08,Standard Class
TRANSFER,5,4,182.1399994,395.9599915,Late delivery,1,9,Cardio Equipment,Simi Valley,EE. UU.,XXXXXXXXX,Mary,8144,Summers,XXXXXXXXX,Consumer,CA,3926 Stony Gardens,93065,3,Footwear,34.27391052,-118.7662125,Africa,Quelimane,Mozambique,8144,1/14/2017 14:22,51009,191,4,0.01,127490,99.98999786,0.460000008,4,399.9599915,395.9599915,182.1399994,East Africa,Zambezia,PROCESSING,,191,9,,http://images.acmesports.sports/Nike+Men%27s+Free+5.0%2B+Running+Shoe,Nike Men's Free 5.0+ Running Shoe,99.98999786,0,1/19/2017 14:22,Standard Class
TRANSFER,5,4,-261.4400024,391.9599915,Late delivery,1,9,Cardio Equipment,Silver Spring,EE. UU.,XXXXXXXXX,Tiffany,5643,Caldwell,XXXXXXXXX,Consumer,MD,3632 Fallen Pioneer Isle,20904,3,Footwear,39.04636002,-76.98272705,Africa,Port Elizabeth,SudAfrica,5643,11/5/2016 19:43,46229,191,8,0.02,115564,99.98999786,-0.670000017,4,399.9599915,391.9599915,-261.4400024,Southern Africa,Cabo Oriental,PROCESSING,,191,9,,http://images.acmesports.sports/Nike+Men%27s+Free+5.0%2B+Running+Shoe,Nike Men's Free 5.0+ Running Shoe,99.98999786,0,11/10/2016 19:43,Standard Class
TRANSFER,3,4,178.5800018,379.9599915,Advance shipping,0,9,Cardio Equipment,Saint Paul,EE. UU.,XXXXXXXXX,Paul,2041,Garcia,XXXXXXXXX,Consumer,MN,1070 Dusty Beacon Maze,55124,3,Footwear,44.72552109,-93.20613098,Africa,Shinyanga,Tanzania,2041,9/17/2016 23:07,42882,191,20,0.050000001,107084,99.98999786,0.469999999,4,399.9599915,379.9599915,178.5800018,East Africa,Shinyanga,PROCESSING,,191,9,,http://images.acmesports.sports/Nike+Men%27s+Free+5.0%2B+Running+Shoe,Nike Men's Free 5.0+ Running Shoe,99.98999786,0,9/20/2016 23:07,Standard Class
TRANSFER,3,4,167.4199982,363.9599915,Advance shipping,0,9,Cardio Equipment,San Antonio,EE. UU.,XXXXXXXXX,Stephen,7537,Lee,XXXXXXXXX,Consumer,TX,469 Crystal Anchor Mountain,78201,3,Footwear,29.45598984,-98.52809143,Africa,Kismaayo,Somalia,7537,11/14/2016 13:14,46827,191,36,0.090000004,117074,99.98999786,0.460000008,4,399.9599915,363.9599915,167.4199982,East Africa,Jubbada Hoose,PROCESSING,,191,9,,http://images.acmesports.sports/Nike+Men%27s+Free+5.0%2B+Running+Shoe,Nike Men's Free 5.0+ Running Shoe,99.98999786,0,11/17/2016 13:14,Standard Class
TRANSFER,5,4,-76.66999817,359.9599915,Late delivery,1,9,Cardio Equipment,Philadelphia,EE. UU.,XXXXXXXXX,George,3056,Middleton,XXXXXXXXX,Consumer,PA,3601 Cozy Creek Trail,19143,3,Footwear,39.95672989,-75.19525909,Africa,Butare,Ruanda,3056,12/11/2016 15:49,48684,191,40,0.100000001,121737,99.98999786,-0.209999993,4,399.9599915,359.9599915,-76.66999817,East Africa,Meridional,PROCESSING,,191,9,,http://images.acmesports.sports/Nike+Men%27s+Free+5.0%2B+Running+Shoe,Nike Men's Free 5.0+ Running Shoe,99.98999786,0,12/16/2016 15:49,Standard Class
TRANSFER,5,4,165.4199982,351.9599915,Late delivery,1,9,Cardio Equipment,Philadelphia,EE. UU.,XXXXXXXXX,George,3056,Middleton,XXXXXXXXX,Consumer,PA,3601 Cozy Creek Trail,19143,3,Footwear,39.95672989,-75.19525909,Africa,Butare,Ruanda,3056,12/11/2016 15:49,48684,191,48,0.119999997,121735,99.98999786,0.469999999,4,399.9599915,351.9599915,165.4199982,East Africa,Meridional,PROCESSING,,191,9,,http://images.acmesports.sports/Nike+Men%27s+Free+5.0%2B+Running+Shoe,Nike Men's Free 5.0+ Running Shoe,99.98999786,0,12/16/2016 15:49,Standard Class
TRANSFER,2,4,-82.01000214,351.9599915,Advance shipping,0,9,Cardio Equipment,Philadelphia,EE. UU.,XXXXXXXXX,Samuel,7967,Jones,XXXXXXXXX,Consumer,PA,7007 Quiet Via,19149,3,Footwear,40.03775024,-75.06806183,Africa,Cairo,Egipto,7967,11/8/2016 13:14,46416,191,48,0.119999997,116042,99.98999786,-0.230000004,4,399.9599915,351.9599915,-82.01000214,North Africa,El Cairo,PROCESSING,,191,9,,http://images.acmesports.sports/Nike+Men%27s+Free+5.0%2B+Running+Shoe,Nike Men's Free 5.0+ Running Shoe,99.98999786,0,11/10/2016 13:14,Standard Class
TRANSFER,4,4,91.79000092,339.9700012,Shipping on time,0,9,Cardio Equipment,Bronx,EE. UU.,XXXXXXXXX,Larry,1758,King,XXXXXXXXX,Consumer,NY,2515 Burning Boulevard,10466,3,Footwear,40.86353684,-73.87049866,Africa,Newcastle,SudAfrica,1758,11/22/2016 2:00,47343,191,59.99000168,0.150000006,118360,99.98999786,0.270000011,4,399.9599915,339.9700012,91.79000092,Southern Africa,KwaZulu-Natal,PROCESSING,,191,9,,http://images.acmesports.sports/Nike+Men%27s+Free+5.0%2B+Running+Shoe,Nike Men's Free 5.0+ Running Shoe,99.98999786,0,11/26/2016 2:00,Standard Class
DEBIT,2,4,40.56000137,124.7900009,Advance shipping,0,18,Men's Footwear,Greenville,EE. UU.,XXXXXXXXX,Peter,7884,Smith,XXXXXXXXX,Corporate,NC,2127 Cozy Deer Bank,27858,4,Apparel,35.60034943,-77.33486939,Pacific Asia,Estambul,Turquía,7884,8/31/2016 12:06,41686,403,5.199999809,0.039999999,104060,129.9900055,0.330000013,1,129.9900055,124.7900009,40.56000137,West Asia,Estambul,COMPLETE,,403,18,,http://images.acmesports.sports/Nike+Men%27s+CJ+Elite+2+TD+Football+Cleat,Nike Men's CJ Elite 2 TD Football Cleat,129.9900055,0,9/2/2016 12:06,Standard Class
DEBIT,2,4,41.18000031,124.7900009,Advance shipping,0,18,Men's Footwear,Morristown,EE. UU.,XXXXXXXXX,Diana,289,Richards,XXXXXXXXX,Corporate,NJ,3593 Easy Embers Field,7960,4,Apparel,40.80119324,-74.48561096,Pacific Asia,Jerusalén,Israel,289,9/3/2016 13:41,41896,403,5.199999809,0.039999999,104577,129.9900055,0.330000013,1,129.9900055,124.7900009,41.18000031,West Asia,Jerusalén,COMPLETE,,403,18,,http://images.acmesports.sports/Nike+Men%27s+CJ+Elite+2+TD+Football+Cleat,Nike Men's CJ Elite 2 TD Football Cleat,129.9900055,0,9/5/2016 13:41,Standard Class
DEBIT,4,4,27.36000061,56.99000168,Shipping on time,0,17,Cleats,San Diego,EE. UU.,XXXXXXXXX,Mary,10081,Castillo,XXXXXXXXX,Corporate,CA,9900 Hidden Rise Downs,92115,4,Apparel,32.77627945,-117.1342163,Pacific Asia,Gold Coast,Australia,10081,2/16/2016 4:09,28168,365,3,0.050000001,70443,59.99000168,0.479999989,1,59.99000168,56.99000168,27.36000061,Oceania,Queensland,COMPLETE,,365,17,,http://images.acmesports.sports/Perfect+Fitness+Perfect+Rip+Deck,Perfect Fitness Perfect Rip Deck,59.99000168,0,2/20/2016 4:09,Standard Class
DEBIT,3,4,26.05999947,123.4899979,Advance shipping,0,18,Men's Footwear,Oxnard,EE. UU.,XXXXXXXXX,Mary,1169,Smith,XXXXXXXXX,Corporate,CA,1055 Crystal Woods,93030,4,Apparel,34.19039154,-119.177803,Pacific Asia,Newcastle,Australia,1169,12/31/2015 19:27,24992,403,6.5,0.050000001,62621,129.9900055,0.209999993,1,129.9900055,123.4899979,26.05999947,Oceania,Nueva Gales del Sur,COMPLETE,,403,18,,http://images.acmesports.sports/Nike+Men%27s+CJ+Elite+2+TD+Football+Cleat,Nike Men's CJ Elite 2 TD Football Cleat,129.9900055,0,1/3/2016 19:27,Standard Class
DEBIT,2,4,32.47999954,123.4899979,Advance shipping,0,18,Men's Footwear,Miami,EE. UU.,XXXXXXXXX,Mary,1182,Smith,XXXXXXXXX,Corporate,FL,5365 Tawny Apple Limits,33147,4,Apparel,25.82507515,-80.19588471,Pacific Asia,Porirua,Nueva Zelanda,1182,3/26/2016 8:07,30851,403,6.5,0.050000001,77102,129.9900055,0.25999999,1,129.9900055,123.4899979,32.47999954,Oceania,Wellington,COMPLETE,,403,18,,http://images.acmesports.sports/Nike+Men%27s+CJ+Elite+2+TD+Football+Cleat,Nike Men's CJ Elite 2 TD Football Cleat,129.9900055,0,3/28/2016 8:07,Standard Class
DEBIT,5,4,35.81000137,123.4899979,Late delivery,1,18,Men's Footwear,Albuquerque,EE. UU.,XXXXXXXXX,Mary,717,Camacho,XXXXXXXXX,Corporate,NM,4845 Thunder Embers Hollow,87111,4,Apparel,35.13143921,-106.5452042,Pacific Asia,Mildura,Australia,717,1/2/2016 0:11,25074,403,6.5,0.050000001,62834,129.9900055,0.289999992,1,129.9900055,123.4899979,35.81000137,Oceania,Victoria,COMPLETE,,403,18,,http://images.acmesports.sports/Nike+Men%27s+CJ+Elite+2+TD+Football+Cleat,Nike Men's CJ Elite 2 TD Football Cleat,129.9900055,0,1/7/2016 0:11,Standard Class
DEBIT,6,4,102.5100021,205.0299988,Late delivery,1,76,Women's Clothing,Amarillo,EE. UU.,XXXXXXXXX,Ainsley,20423,Leach,XXXXXXXXX,Corporate,TX,5154 Honey Bend,79109,4,Apparel,35.18754196,-101.8676224,Pacific Asia,Brisbane,Australia,20423,1/27/2018 2:38,76870,1363,10.78999996,0.050000001,180185,215.8200073,0.5,1,215.8200073,205.0299988,102.5100021,Oceania,Queensland,COMPLETE,,1363,76,,http://images.acmesports.sports/Summer+dresses,Summer dresses,215.8200073,0,2/2/2018 2:38,Standard Class
DEBIT,4,4,15.43999958,123.4899979,Shipping on time,0,18,Men's Footwear,Lutz,EE. UU.,XXXXXXXXX,Theresa,5801,Pearson,XXXXXXXXX,Corporate,FL,6715 Gentle Horse Row,33549,4,Apparel,28.08681297,-82.43898773,Pacific Asia,Daca,Bangladés,5801,1/3/2016 7:22,25163,403,6.5,0.050000001,63064,129.9900055,0.129999995,1,129.9900055,123.4899979,15.43999958,South Asia,Daca,COMPLETE,,403,18,,http://images.acmesports.sports/Nike+Men%27s+CJ+Elite+2+TD+Football+Cleat,Nike Men's CJ Elite 2 TD Football Cleat,129.9900055,0,1/7/2016 7:22,Standard Class
DEBIT,2,4,4.570000172,123.4899979,Advance shipping,0,18,Men's Footwear,Bend,EE. UU.,XXXXXXXXX,Cynthia,702,Smith,XXXXXXXXX,Corporate,OR,6412 Crystal View Townline,97701,4,Apparel,44.07210541,-12.13232708,Pacific Asia,Kanpur,India,702,2/14/2016 5:54,28036,403,6.5,0.050000001,70143,129.9900055,0.039999999,1,129.9900055,123.4899979,4.570000172,South Asia,Uttar Pradesh,COMPLETE,,403,18,,http://images.acmesports.sports/Nike+Men%27s+CJ+Elite+2+TD+Football+Cleat,Nike Men's CJ Elite 2 TD Football Cleat,129.9900055,0,2/16/2016 5:54,Standard Class
DEBIT,5,4,61.75,123.4899979,Late delivery,1,18,Men's Footwear,East Brunswick,EE. UU.,XXXXXXXXX,Mary,6951,Williams,XXXXXXXXX,Corporate,NJ,263 Harvest Wood,8816,4,Apparel,40.41255188,-74.41832733,Pacific Asia,Bangkok,Tailandia,6951,11/28/2015 1:06,22679,403,6.5,0.050000001,56759,129.9900055,0.5,1,129.9900055,123.4899979,61.75,Southeast Asia,Bangkok,COMPLETE,,403,18,,http://images.acmesports.sports/Nike+Men%27s+CJ+Elite+2+TD+Football+Cleat,Nike Men's CJ Elite 2 TD Football Cleat,129.9900055,0,12/3/2015 1:06,Standard Class
DEBIT,6,4,38.65000153,123.4899979,Late delivery,1,18,Men's Footwear,Lancaster,EE. UU.,XXXXXXXXX,Sean,6780,Chung,XXXXXXXXX,Corporate,SC,7111 Cotton Blossom Estates,29720,4,Apparel,34.85777283,-80.84423828,Pacific Asia,Bangkok,Tailandia,6780,12/11/2015 15:17,23610,403,6.5,0.050000001,59059,129.9900055,0.310000002,1,129.9900055,123.4899979,38.65000153,Southeast Asia,Bangkok,COMPLETE,,403,18,,http://images.acmesports.sports/Nike+Men%27s+CJ+Elite+2+TD+Football+Cleat,Nike Men's CJ Elite 2 TD Football Cleat,129.9900055,0,12/17/2015 15:17,Standard Class
DEBIT,4,4,14.25,56.99000168,Shipping on time,0,17,Cleats,Ontario,EE. UU.,XXXXXXXXX,Jonathan,6422,Richmond,XXXXXXXXX,Corporate,CA,3005 Bright Maze,91762,4,Apparel,34.06832504,-117.6557541,Pacific Asia,Bagdad,Irak,6422,9/17/2016 4:12,42828,365,3,0.050000001,106946,59.99000168,0.25,1,59.99000168,56.99000168,14.25,West Asia,Bagdad,COMPLETE,,365,17,,http://images.acmesports.sports/Perfect+Fitness+Perfect+Rip+Deck,Perfect Fitness Perfect Rip Deck,59.99000168,0,9/21/2016 4:12,Standard Class
DEBIT,2,4,-6.170000076,123.4899979,Advance shipping,0,18,Men's Footwear,Morristown,EE. UU.,XXXXXXXXX,Diana,289,Richards,XXXXXXXXX,Corporate,NJ,3593 Easy Embers Field,7960,4,Apparel,40.80119324,-74.48561096,Pacific Asia,Jerusalén,Israel,289,9/3/2016 13:41,41896,403,6.5,0.050000001,104576,129.9900055,-0.050000001,1,129.9900055,123.4899979,-6.170000076,West Asia,Jerusalén,COMPLETE,,403,18,,http://images.acmesports.sports/Nike+Men%27s+CJ+Elite+2+TD+Football+Cleat,Nike Men's CJ Elite 2 TD Football Cleat,129.9900055,0,9/5/2016 13:41,Standard Class
